<?xml version="1.0" encoding="UTF-8"?>
<!DOCTYPE html PUBLIC "-//W3C//DTD XHTML 1.0 Transitional//EN"
    "http://www.w3.org/TR/xhtml1/DTD/xhtml1-transitional.dtd">
<html xmlns="http://www.w3.org/1999/xhtml" xml:lang="en" lang="en">
 <head>
  <title>
</title>
<meta http-equiv="Content-Type" content="text/html;charset=utf-8" />
  <meta name='ocr-system' content='tesseract 3.04.00' />
  <meta name='ocr-capabilities' content='ocr_page ocr_carea ocr_par ocr_line ocrx_word'/>
</head>
<body>
  <div class='ocr_page' id='page_1' title='image "./4770971_0020.png"; bbox 0 0 2834 4557; ppageno 0'>
   <div class='ocr_carea' id='block_1_1' title="bbox 1207 232 1618 297">
    <p class='ocr_par' dir='ltr' id='par_1_1' title="bbox 1207 232 1618 297">
     <span class='ocr_line' id='line_1_1' title="bbox 1207 232 1618 297; baseline -0.005 -18"><span class='ocrx_word' id='word_1_1' title='bbox 1207 270 1284 279; x_wconf 82' lang='grc'>.-</span> <span class='ocrx_word' id='word_1_2' title='bbox 1366 232 1444 297; x_wconf 74' lang='lat'>12</span> <span class='ocrx_word' id='word_1_3' title='bbox 1541 267 1618 277; x_wconf 68' lang='grc'>,-</span> 
     </span>
    </p>
   </div>
   <div class='ocr_carea' id='block_1_2' title="bbox 155 441 2743 3758">
    <p class='ocr_par' dir='ltr' id='par_1_2' title="bbox 466 441 2668 738">
     <span class='ocr_line' id='line_1_2' title="bbox 467 441 2052 524; baseline -0.003 -16"><span class='ocrx_word' id='word_1_4' title='bbox 467 445 616 508; x_wconf 85' lang='lat' dir='ltr'>Jam</span> <span class='ocrx_word' id='word_1_5' title='bbox 664 442 913 522; x_wconf 84' lang='lat' dir='ltr'>pridem</span> <span class='ocrx_word' id='word_1_6' title='bbox 961 444 1146 506; x_wconf 91' lang='lat' dir='ltr'>nobis</span> <span class='ocrx_word' id='word_1_7' title='bbox 1196 442 1365 506; x_wconf 89' lang='lat' dir='ltr'>caeli</span> <span class='ocrx_word' id='word_1_8' title='bbox 1410 445 1477 505; x_wconf 93' lang='lat' dir='ltr'>te</span> <span class='ocrx_word' id='word_1_9' title='bbox 1525 443 1732 524; x_wconf 89' lang='lat' dir='ltr'>regia,</span> <span class='ocrx_word' id='word_1_10' title='bbox 1785 441 2052 524; x_wconf 78' lang='lat' dir='ltr'>Caesar,</span> 
     </span>
     <span class='ocr_line' id='line_1_3' title="bbox 466 546 2462 632; baseline -0.001 -20"><span class='ocrx_word' id='word_1_11' title='bbox 466 548 735 614; x_wconf 79' lang='lat' dir='ltr'>Invidet</span> <span class='ocrx_word' id='word_1_12' title='bbox 782 551 981 632; x_wconf 86' lang='lat' dir='ltr'>atque</span> <span class='ocrx_word' id='word_1_13' title='bbox 1027 548 1357 609; x_wconf 90' lang='lat' dir='ltr'>hominum</span> <span class='ocrx_word' id='word_1_14' title='bbox 1406 549 1709 631; x_wconf 88' lang='lat' dir='ltr'>queritur</span> <span class='ocrx_word' id='word_1_15' title='bbox 1757 564 1990 612; x_wconf 86' lang='lat' dir='ltr'>curare</span> <span class='ocrx_word' id='word_1_16' title='bbox 2037 546 2462 625; x_wconf 88' lang='lat' dir='ltr'>triumphos...</span> 
     </span>
     <span class='ocr_line' id='line_1_4' title="bbox 1933 651 2668 738; baseline 0.003 -23"><span class='ocrx_word' id='word_1_17' title='bbox 1933 651 2024 738; x_wconf 79' lang='lat' dir='ltr'>(v,</span> <span class='ocrx_word' id='word_1_18' title='bbox 2077 657 2442 718; x_wconf 81' lang='lat'>503—-504,</span> <span class='ocrx_word' id='word_1_19' title='bbox 2491 653 2535 717; x_wconf 86' lang='lat'>1.</span> <span class='ocrx_word' id='word_1_20' title='bbox 2584 651 2668 737; x_wconf 90' lang='grc' dir='ltr'>Ι.)</span> 
     </span>
    </p>

    <p class='ocr_par' dir='ltr' id='par_1_3' title="bbox 157 757 2675 1579">
     <span class='ocr_line' id='line_1_5' title="bbox 370 757 2671 839; baseline -0.002 -14"><span class='ocrx_word' id='word_1_21' title='bbox 370 758 498 825; x_wconf 85' lang='lat' dir='ltr'>Sed</span> <span class='ocrx_word' id='word_1_22' title='bbox 544 776 723 823; x_wconf 89' lang='lat' dir='ltr'>nunc</span> <span class='ocrx_word' id='word_1_23' title='bbox 769 761 1185 822; x_wconf 90' lang='lat' dir='ltr'>transeamus</span> <span class='ocrx_word' id='word_1_24' title='bbox 1237 758 1337 822; x_wconf 81' lang='lat' dir='ltr'>ad</span> <span class='ocrx_word' id='word_1_25' title='bbox 1372 757 1574 822; x_wconf 79' lang='lat' dir='ltr'>illam</span> <span class='ocrx_word' id='word_1_26' title='bbox 1619 757 1799 823; x_wconf 77' lang='lat' dir='ltr'>libri</span> <span class='ocrx_word' id='word_1_27' title='bbox 1837 758 1918 823; x_wconf 90' lang='lat' dir='ltr'>II.</span> <span class='ocrx_word' id='word_1_28' title='bbox 1974 758 2466 839; x_wconf 80' lang='lat' dir='ltr'>digressionem,</span> <span class='ocrx_word' id='word_1_29' title='bbox 2503 777 2671 836; x_wconf 87' lang='lat' dir='ltr'>quae</span> 
     </span>
     <span class='ocr_line' id='line_1_6' title="bbox 160 862 2669 942; baseline -0.001 -11"><span class='ocrx_word' id='word_1_30' title='bbox 160 869 542 933; x_wconf 79' lang='lat' dir='ltr'>continetur</span> <span class='ocrx_word' id='word_1_31' title='bbox 589 885 697 927; x_wconf 80' lang='grc' dir='ltr'>νν.</span> <span class='ocrx_word' id='word_1_32' title='bbox 771 869 1134 929; x_wconf 88' lang='grc'><strong>136-176.</strong></span> <span class='ocrx_word' id='word_1_33' title='bbox 1212 865 1353 928; x_wconf 86' lang='grc' dir='ltr'><strong>Η36</strong></span> <span class='ocrx_word' id='word_1_34' title='bbox 1426 868 1586 928; x_wconf 94' lang='lat' dir='ltr'>sunt</span> <span class='ocrx_word' id='word_1_35' title='bbox 1654 863 2037 942; x_wconf 87' lang='lat' dir='ltr'>praeclarae</span> <span class='ocrx_word' id='word_1_36' title='bbox 2103 862 2336 927; x_wconf 90' lang='lat' dir='ltr'>laudes</span> <span class='ocrx_word' id='word_1_37' title='bbox 2405 864 2669 928; x_wconf 82' lang='lat' dir='ltr'>Italiae.</span> 
     </span>
     <span class='ocr_line' id='line_1_7' title="bbox 161 969 2673 1056; baseline -0.003 -19"><span class='ocrx_word' id='word_1_38' title='bbox 161 978 579 1056; x_wconf 70' lang='lat' dir='ltr'>Quantopere</span> <span class='ocrx_word' id='word_1_39' title='bbox 628 975 845 1034; x_wconf 89' lang='lat' dir='ltr'>autem</span> <span class='ocrx_word' id='word_1_40' title='bbox 892 971 1310 1047; x_wconf 81' lang='lat' dir='ltr'>praestitisse</span> <span class='ocrx_word' id='word_1_41' title='bbox 1379 971 1759 1046; x_wconf 89' lang='lat' dir='ltr'>putabimus</span> <span class='ocrx_word' id='word_1_42' title='bbox 1826 969 2112 1049; x_wconf 90' lang='lat' dir='ltr'>Italiam,</span> <span class='ocrx_word' id='word_1_43' title='bbox 2186 971 2243 1031; x_wconf 90' lang='lat' dir='ltr'>si</span> <span class='ocrx_word' id='word_1_44' title='bbox 2320 987 2460 1031; x_wconf 87' lang='lat' dir='ltr'>eam</span> <span class='ocrx_word' id='word_1_45' title='bbox 2529 987 2673 1032; x_wconf 92' lang='lat' dir='ltr'>cum</span> 
     </span>
     <span class='ocr_line' id='line_1_8' title="bbox 162 1072 2672 1153; baseline -0.004 -9"><span class='ocrx_word' id='word_1_46' title='bbox 162 1082 526 1144; x_wconf 86' lang='lat' dir='ltr'>nostrorum</span> <span class='ocrx_word' id='word_1_47' title='bbox 572 1079 935 1153; x_wconf 90' lang='lat' dir='ltr'>temporum</span> <span class='ocrx_word' id='word_1_48' title='bbox 981 1073 1216 1138; x_wconf 90' lang='lat' dir='ltr'>habitu</span> <span class='ocrx_word' id='word_1_49' title='bbox 1269 1075 1738 1152; x_wconf 88' lang='lat' dir='ltr'>comparemus!</span> <span class='ocrx_word' id='word_1_50' title='bbox 1780 1073 2393 1136; x_wconf 89' lang='lat' dir='ltr'>Praestantissimis</span> <span class='ocrx_word' id='word_1_51' title='bbox 2428 1072 2672 1135; x_wconf 87' lang='lat' dir='ltr'>Italiae</span> 
     </span>
     <span class='ocr_line' id='line_1_9' title="bbox 157 1177 2673 1264; baseline -0.003 -16"><span class='ocrx_word' id='word_1_52' title='bbox 157 1187 324 1249; x_wconf 86' lang='lat' dir='ltr'>viris</span> <span class='ocrx_word' id='word_1_53' title='bbox 374 1183 784 1264; x_wconf 90' lang='lat' dir='ltr'>ducibusque</span> <span class='ocrx_word' id='word_1_54' title='bbox 830 1182 901 1243; x_wconf 91' lang='lat' dir='ltr'>in</span> <span class='ocrx_word' id='word_1_55' title='bbox 947 1181 1073 1243; x_wconf 89' lang='lat' dir='ltr'>hac</span> <span class='ocrx_word' id='word_1_56' title='bbox 1121 1178 1533 1258; x_wconf 82' lang='lat' dir='ltr'>digressione</span> <span class='ocrx_word' id='word_1_57' title='bbox 1582 1179 2068 1242; x_wconf 84' lang='lat' dir='ltr'>adnumeratur</span> <span class='ocrx_word' id='word_1_58' title='bbox 2117 1197 2156 1241; x_wconf 89' lang='lat' dir='ltr'>a</span> <span class='ocrx_word' id='word_1_59' title='bbox 2203 1178 2503 1257; x_wconf 89' lang='lat' dir='ltr'>Vergilio</span> <span class='ocrx_word' id='word_1_60' title='bbox 2552 1177 2673 1240; x_wconf 93' lang='lat' dir='ltr'>Oc-</span> 
     </span>
     <span class='ocr_line' id='line_1_10' title="bbox 157 1282 2675 1367; baseline -0.004 -11"><span class='ocrx_word' id='word_1_61' title='bbox 157 1293 471 1356; x_wconf 87' lang='lat' dir='ltr'>tavianus</span> <span class='ocrx_word' id='word_1_62' title='bbox 518 1288 888 1367; x_wconf 82' lang='lat' dir='ltr'>AugustuS,</span> <span class='ocrx_word' id='word_1_63' title='bbox 967 1287 1080 1363; x_wconf 91' lang='lat' dir='ltr'>qui</span> <span class='ocrx_word' id='word_1_64' title='bbox 1128 1288 1275 1363; x_wconf 90' lang='lat' dir='ltr'>post</span> <span class='ocrx_word' id='word_1_65' title='bbox 1351 1285 1696 1348; x_wconf 79' lang='lat' dir='ltr'>Actiacam</span> <span class='ocrx_word' id='word_1_66' title='bbox 1773 1301 2065 1364; x_wconf 90' lang='lat' dir='ltr'>pugnam</span> <span class='ocrx_word' id='word_1_67' title='bbox 2143 1284 2276 1346; x_wconf 92' lang='lat' dir='ltr'>iter</span> <span class='ocrx_word' id='word_1_68' title='bbox 2321 1282 2482 1346; x_wconf 83' lang='lat' dir='ltr'>fecit</span> <span class='ocrx_word' id='word_1_69' title='bbox 2559 1301 2675 1360; x_wconf 88' lang='lat' dir='ltr'>per</span> 
     </span>
     <span class='ocr_line' id='line_1_11' title="bbox 160 1388 2674 1475; baseline -0.003 -16"><span class='ocrx_word' id='word_1_70' title='bbox 160 1396 417 1475; x_wconf 82' lang='lat' dir='ltr'>Syriam</span> <span class='ocrx_word' id='word_1_71' title='bbox 466 1395 536 1455; x_wconf 90' lang='lat' dir='ltr'>in</span> <span class='ocrx_word' id='word_1_72' title='bbox 585 1392 995 1470; x_wconf 89' lang='lat' dir='ltr'>provinciam</span> <span class='ocrx_word' id='word_1_73' title='bbox 1043 1388 1271 1452; x_wconf 90' lang='lat' dir='ltr'>Asiam</span> <span class='ocrx_word' id='word_1_74' title='bbox 1329 1390 1557 1469; x_wconf 88' lang='lat' dir='ltr'>ibique</span> <span class='ocrx_word' id='word_1_75' title='bbox 1605 1407 1709 1453; x_wconf 91' lang='lat' dir='ltr'>res</span> <span class='ocrx_word' id='word_1_76' title='bbox 1761 1388 2110 1452; x_wconf 91' lang='lat' dir='ltr'>constituit</span> <span class='ocrx_word' id='word_1_77' title='bbox 2179 1388 2392 1450; x_wconf 92' lang='lat' dir='ltr'>hieme</span> <span class='ocrx_word' id='word_1_78' title='bbox 2440 1390 2674 1452; x_wconf 86' lang='lat' dir='ltr'>exacta</span> 
     </span>
     <span class='ocr_line' id='line_1_12' title="bbox 160 1491 2400 1579; baseline -0.004 -15"><span class='ocrx_word' id='word_1_79' title='bbox 160 1501 242 1565; x_wconf 90' lang='lat' dir='ltr'>ad</span> <span class='ocrx_word' id='word_1_80' title='bbox 288 1499 699 1577; x_wconf 87' lang='lat' dir='ltr'>Euphratem</span> <span class='ocrx_word' id='word_1_81' title='bbox 747 1514 805 1560; x_wconf 90' lang='lat' dir='ltr'>a.</span> <span class='ocrx_word' id='word_1_82' title='bbox 859 1500 939 1558; x_wconf 89' lang='lat'>30</span> <span class='ocrx_word' id='word_1_83' title='bbox 992 1514 1050 1560; x_wconf 87' lang='lat' dir='ltr'>a.</span> <span class='ocrx_word' id='word_1_84' title='bbox 1101 1494 1217 1559; x_wconf 84' lang='lat' dir='ltr'>Ch.</span> <span class='ocrx_word' id='word_1_85' title='bbox 1268 1515 1330 1558; x_wconf 91' lang='lat' dir='ltr'>n.</span> <span class='ocrx_word' id='word_1_86' title='bbox 1382 1493 1684 1579; x_wconf 84' lang='lat' dir='ltr'>(Cassius</span> <span class='ocrx_word' id='word_1_87' title='bbox 1733 1494 1859 1559; x_wconf 94' lang='lat' dir='ltr'>Dio</span> <span class='ocrx_word' id='word_1_88' title='bbox 1909 1499 2010 1576; x_wconf 89' lang='lat'>51,</span> <span class='ocrx_word' id='word_1_89' title='bbox 2066 1491 2400 1576; x_wconf 77' lang='lat'>18—21.):</span> 
     </span>
    </p>

    <p class='ocr_par' dir='ltr' id='par_1_4' title="bbox 471 1600 2105 1682">
     <span class='ocr_line' id='line_1_13' title="bbox 471 1600 2105 1682; baseline -0.001 -18"><span class='ocrx_word' id='word_1_90' title='bbox 471 1604 654 1665; x_wconf 90' lang='lat' dir='ltr'>Haec</span> <span class='ocrx_word' id='word_1_91' title='bbox 701 1602 962 1681; x_wconf 89' lang='lat' dir='ltr'>Decios,</span> <span class='ocrx_word' id='word_1_92' title='bbox 1014 1601 1277 1674; x_wconf 64' lang='lat' dir='ltr'>Marios</span> <span class='ocrx_word' id='word_1_93' title='bbox 1328 1619 1728 1682; x_wconf 87' lang='lat' dir='ltr'>magnosque</span> <span class='ocrx_word' id='word_1_94' title='bbox 1779 1600 2105 1679; x_wconf 82' lang='lat' dir='ltr'>CamiIIOS,</span> 
     </span>
    </p>

    <p class='ocr_par' dir='ltr' id='par_1_5' title="bbox 477 1704 2224 1786">
     <span class='ocr_line' id='line_1_14' title="bbox 477 1704 2224 1786; baseline -0.001 -17"><span class='ocrx_word' id='word_1_95' title='bbox 477 1705 824 1784; x_wconf 74' lang='lat' dir='ltr'>Scipiadas</span> <span class='ocrx_word' id='word_1_96' title='bbox 875 1704 1070 1768; x_wconf 89' lang='lat' dir='ltr'>duros</span> <span class='ocrx_word' id='word_1_97' title='bbox 1120 1706 1311 1786; x_wconf 90' lang='lat' dir='ltr'>bello,</span> <span class='ocrx_word' id='word_1_98' title='bbox 1365 1708 1431 1768; x_wconf 92' lang='lat' dir='ltr'>et</span> <span class='ocrx_word' id='word_1_99' title='bbox 1477 1709 1564 1785; x_wconf 89' lang='lat' dir='ltr'>te,</span> <span class='ocrx_word' id='word_1_100' title='bbox 1614 1723 1913 1768; x_wconf 87' lang='lat' dir='ltr'>maxume</span> <span class='ocrx_word' id='word_1_101' title='bbox 1963 1704 2224 1783; x_wconf 83' lang='lat' dir='ltr'>Caesar,</span> 
     </span>
    </p>

    <p class='ocr_par' dir='ltr' id='par_1_6' title="bbox 475 1809 2170 1891">
     <span class='ocr_line' id='line_1_15' title="bbox 475 1809 2170 1891; baseline -0.001 -19"><span class='ocrx_word' id='word_1_102' title='bbox 475 1811 607 1891; x_wconf 79' lang='lat' dir='ltr'>Qui</span> <span class='ocrx_word' id='word_1_103' title='bbox 653 1825 829 1873; x_wconf 92' lang='lat' dir='ltr'>nunc</span> <span class='ocrx_word' id='word_1_104' title='bbox 878 1812 1186 1873; x_wconf 84' lang='lat' dir='ltr'>extremis</span> <span class='ocrx_word' id='word_1_105' title='bbox 1234 1809 1438 1873; x_wconf 89' lang='lat' dir='ltr'>Asiae</span> <span class='ocrx_word' id='word_1_106' title='bbox 1484 1812 1615 1873; x_wconf 91' lang='lat' dir='ltr'>iam</span> <span class='ocrx_word' id='word_1_107' title='bbox 1661 1812 1877 1874; x_wconf 87' lang='lat' dir='ltr'>victor</span> <span class='ocrx_word' id='word_1_108' title='bbox 1924 1810 1995 1871; x_wconf 92' lang='lat' dir='ltr'>in</span> <span class='ocrx_word' id='word_1_109' title='bbox 2041 1811 2170 1871; x_wconf 89' lang='lat' dir='ltr'>oris</span> 
     </span>
    </p>

    <p class='ocr_par' dir='ltr' id='par_1_7' title="bbox 475 1914 2069 1980">
     <span class='ocr_line' id='line_1_16' title="bbox 475 1914 2069 1980; baseline 0.001 -3"><span class='ocrx_word' id='word_1_110' title='bbox 475 1914 812 1977; x_wconf 89' lang='lat' dir='ltr'>Imbellem</span> <span class='ocrx_word' id='word_1_111' title='bbox 861 1916 1112 1978; x_wconf 89' lang='lat' dir='ltr'>avertis</span> <span class='ocrx_word' id='word_1_112' title='bbox 1162 1916 1472 1978; x_wconf 86' lang='lat' dir='ltr'>Romanis</span> <span class='ocrx_word' id='word_1_113' title='bbox 1523 1916 1787 1980; x_wconf 85' lang='lat' dir='ltr'>arcibus</span> <span class='ocrx_word' id='word_1_114' title='bbox 1834 1914 2069 1979; x_wconf 90' lang='lat' dir='ltr'>Indum</span> 
     </span>
    </p>

    <p class='ocr_par' dir='ltr' id='par_1_8' title="bbox 1902 2016 2676 2103">
     <span class='ocr_line' id='line_1_17' title="bbox 1902 2016 2676 2103; baseline -0.003 -21"><span class='ocrx_word' id='word_1_115' title='bbox 1902 2018 1992 2103; x_wconf 88' lang='lat' dir='ltr'>(v.</span> <span class='ocrx_word' id='word_1_116' title='bbox 2049 2024 2413 2082; x_wconf 80' lang='lat'><strong>169—172.</strong></span> <span class='ocrx_word' id='word_1_117' title='bbox 2463 2019 2507 2081; x_wconf 90' lang='lat'>1.</span> <span class='ocrx_word' id='word_1_118' title='bbox 2557 2016 2676 2099; x_wconf 87' lang='grc' dir='ltr'>Π.)</span> 
     </span>
    </p>

    <p class='ocr_par' dir='ltr' id='par_1_9' title="bbox 159 2120 2701 2415">
     <span class='ocr_line' id='line_1_18' title="bbox 159 2120 2678 2203; baseline -0.002 -15"><span class='ocrx_word' id='word_1_119' title='bbox 159 2127 287 2188; x_wconf 82' lang='grc' dir='ltr'>Η10</span> <span class='ocrx_word' id='word_1_120' title='bbox 335 2125 513 2186; x_wconf 88' lang='lat' dir='ltr'>locus</span> <span class='ocrx_word' id='word_1_121' title='bbox 563 2120 742 2185; x_wconf 90' lang='lat' dir='ltr'>haud</span> <span class='ocrx_word' id='word_1_122' title='bbox 793 2121 991 2184; x_wconf 91' lang='lat' dir='ltr'>dubie</span> <span class='ocrx_word' id='word_1_123' title='bbox 1041 2127 1143 2185; x_wconf 90' lang='lat' dir='ltr'>est</span> <span class='ocrx_word' id='word_1_124' title='bbox 1207 2125 1493 2201; x_wconf 88' lang='lat' dir='ltr'>scriptus</span> <span class='ocrx_word' id='word_1_125' title='bbox 1563 2127 1710 2201; x_wconf 89' lang='lat' dir='ltr'>post</span> <span class='ocrx_word' id='word_1_126' title='bbox 1778 2142 2068 2202; x_wconf 89' lang='lat' dir='ltr'>pugnam</span> <span class='ocrx_word' id='word_1_127' title='bbox 2138 2125 2497 2203; x_wconf 79' lang='lat' dir='ltr'>Actiacam,</span> <span class='ocrx_word' id='word_1_128' title='bbox 2550 2142 2678 2202; x_wconf 91' lang='lat' dir='ltr'>quo</span> 
     </span>
     <span class='ocr_line' id='line_1_19' title="bbox 160 2226 2701 2316; baseline -0 -25"><span class='ocrx_word' id='word_1_129' title='bbox 160 2233 448 2305; x_wconf 86' lang='lat' dir='ltr'>tempore</span> <span class='ocrx_word' id='word_1_130' title='bbox 500 2227 914 2290; x_wconf 85' lang='lat' dir='ltr'>Octavianus</span> <span class='ocrx_word' id='word_1_131' title='bbox 963 2228 1035 2288; x_wconf 84' lang='lat' dir='ltr'>in&#39;</span> <span class='ocrx_word' id='word_1_132' title='bbox 1082 2226 1464 2306; x_wconf 84' lang='lat' dir='ltr'>Aegyptum</span> <span class='ocrx_word' id='word_1_133' title='bbox 1499 2231 1565 2290; x_wconf 93' lang='lat' dir='ltr'>et</span> <span class='ocrx_word' id='word_1_134' title='bbox 1598 2228 1681 2291; x_wconf 88' lang='lat' dir='ltr'>ad</span> <span class='ocrx_word' id='word_1_135' title='bbox 1715 2231 1949 2307; x_wconf 87' lang='lat' dir='ltr'>gentes</span> <span class='ocrx_word' id='word_1_136' title='bbox 1985 2228 2281 2292; x_wconf 89' lang='lat' dir='ltr'>Orientis</span> <span class='ocrx_word' id='word_1_137' title='bbox 2317 2226 2701 2316; x_wconf 30' lang='lat' dir='ltr'>contendit..</span> 
     </span>
     <span class='ocr_line' id='line_1_20' title="bbox 164 2328 2677 2415; baseline -0 -22"><span class='ocrx_word' id='word_1_138' title='bbox 164 2332 364 2415; x_wconf 76' lang='lat' dir='ltr'>(Vide</span> <span class='ocrx_word' id='word_1_139' title='bbox 398 2332 593 2395; x_wconf 88' lang='lat' dir='ltr'>Ribb.</span> <span class='ocrx_word' id='word_1_140' title='bbox 629 2330 865 2394; x_wconf 84' lang='lat' dir='ltr'>Gesch.</span> <span class='ocrx_word' id='word_1_141' title='bbox 896 2329 1013 2393; x_wconf 92' lang='lat' dir='ltr'>der</span> <span class='ocrx_word' id='word_1_142' title='bbox 1039 2337 1191 2395; x_wconf 79' lang='lat' dir='ltr'>rom.</span> <span class='ocrx_word' id='word_1_143' title='bbox 1226 2332 1446 2395; x_wconf 90' lang='lat' dir='ltr'>Dicht.</span> <span class='ocrx_word' id='word_1_144' title='bbox 1478 2333 1566 2413; x_wconf 91' lang='lat' dir='ltr'>II,</span> <span class='ocrx_word' id='word_1_145' title='bbox 1595 2336 1698 2398; x_wconf 78' lang='lat'>42.</span> <span class='ocrx_word' id='word_1_146' title='bbox 1729 2335 1796 2397; x_wconf 93' lang='lat' dir='ltr'>et</span> <span class='ocrx_word' id='word_1_147' title='bbox 1830 2333 2035 2397; x_wconf 89' lang='lat' dir='ltr'>eiusd.</span> <span class='ocrx_word' id='word_1_148' title='bbox 2072 2332 2329 2411; x_wconf 88' lang='lat' dir='ltr'>Proleg.</span> <span class='ocrx_word' id='word_1_149' title='bbox 2365 2350 2515 2412; x_wconf 88' lang='lat' dir='ltr'>pag.</span> <span class='ocrx_word' id='word_1_150' title='bbox 2546 2328 2677 2413; x_wconf 84' lang='lat'>18.)</span> 
     </span>
    </p>

    <p class='ocr_par' dir='ltr' id='par_1_10' title="bbox 155 2435 2678 2939">
     <span class='ocr_line' id='line_1_21' title="bbox 369 2435 2678 2516; baseline -0.001 -17"><span class='ocrx_word' id='word_1_151' title='bbox 369 2438 681 2499; x_wconf 86' lang='lat' dir='ltr'>Enititur</span> <span class='ocrx_word' id='word_1_152' title='bbox 726 2436 939 2516; x_wconf 86' lang='lat' dir='ltr'>Marc,</span> <span class='ocrx_word' id='word_1_153' title='bbox 994 2439 1066 2499; x_wconf 92' lang='lat' dir='ltr'>ut</span> <span class='ocrx_word' id='word_1_154' title='bbox 1113 2437 1413 2516; x_wconf 92' lang='lat' dir='ltr'>qualibet</span> <span class='ocrx_word' id='word_1_155' title='bbox 1461 2439 1589 2500; x_wconf 90' lang='lat' dir='ltr'>sibi</span> <span class='ocrx_word' id='word_1_156' title='bbox 1637 2439 1862 2501; x_wconf 90' lang='lat' dir='ltr'>oblata</span> <span class='ocrx_word' id='word_1_157' title='bbox 1929 2439 2268 2501; x_wconf 90' lang='lat' dir='ltr'>occasione</span> <span class='ocrx_word' id='word_1_158' title='bbox 2317 2440 2547 2499; x_wconf 90' lang='lat' dir='ltr'>utatur</span> <span class='ocrx_word' id='word_1_159' title='bbox 2595 2435 2678 2498; x_wconf 91' lang='lat' dir='ltr'>ad</span> 
     </span>
     <span class='ocr_line' id='line_1_22' title="bbox 161 2541 2678 2621; baseline -0.002 -14"><span class='ocrx_word' id='word_1_160' title='bbox 161 2542 626 2608; x_wconf 88' lang='lat' dir='ltr'>celebrandum</span> <span class='ocrx_word' id='word_1_161' title='bbox 673 2541 1054 2621; x_wconf 91' lang='lat' dir='ltr'>Augustum</span> <span class='ocrx_word' id='word_1_162' title='bbox 1112 2545 1178 2604; x_wconf 94' lang='lat' dir='ltr'>et</span> <span class='ocrx_word' id='word_1_163' title='bbox 1247 2545 1388 2606; x_wconf 92' lang='lat' dir='ltr'>eius</span> <span class='ocrx_word' id='word_1_164' title='bbox 1461 2560 1678 2620; x_wconf 90' lang='lat' dir='ltr'>opera.</span> <span class='ocrx_word' id='word_1_165' title='bbox 1754 2542 1914 2607; x_wconf 84' lang='lat' dir='ltr'>Cum</span> <span class='ocrx_word' id='word_1_166' title='bbox 1984 2544 2199 2621; x_wconf 91' lang='lat' dir='ltr'>igitur</span> <span class='ocrx_word' id='word_1_167' title='bbox 2269 2542 2678 2606; x_wconf 88' lang='lat' dir='ltr'>Octavianus</span> 
     </span>
     <span class='ocr_line' id='line_1_23' title="bbox 158 2645 2675 2723; baseline -0.003 -10"><span class='ocrx_word' id='word_1_168' title='bbox 158 2668 215 2713; x_wconf 92' lang='lat' dir='ltr'>a.</span> <span class='ocrx_word' id='word_1_169' title='bbox 266 2649 348 2710; x_wconf 79' lang='lat'>36</span> <span class='ocrx_word' id='word_1_170' title='bbox 400 2666 456 2711; x_wconf 91' lang='lat' dir='ltr'>a.</span> <span class='ocrx_word' id='word_1_171' title='bbox 510 2647 621 2710; x_wconf 75' lang='lat' dir='ltr'>Ch.</span> <span class='ocrx_word' id='word_1_172' title='bbox 674 2666 737 2710; x_wconf 91' lang='lat' dir='ltr'>n.</span> <span class='ocrx_word' id='word_1_173' title='bbox 787 2648 1046 2723; x_wconf 90' lang='lat' dir='ltr'>portum</span> <span class='ocrx_word' id='word_1_174' title='bbox 1092 2646 1417 2709; x_wconf 90' lang='lat' dir='ltr'>Baianum</span> <span class='ocrx_word' id='word_1_175' title='bbox 1511 2646 1997 2710; x_wconf 88' lang='lat' dir='ltr'>commodiorem</span> <span class='ocrx_word' id='word_1_176' title='bbox 2067 2649 2134 2708; x_wconf 93' lang='lat' dir='ltr'>et</span> <span class='ocrx_word' id='word_1_177' title='bbox 2198 2647 2512 2709; x_wconf 91' lang='lat' dir='ltr'>tutiorem</span> <span class='ocrx_word' id='word_1_178' title='bbox 2577 2645 2675 2707; x_wconf 82' lang='lat' dir='ltr'>ita</span> 
     </span>
     <span class='ocr_line' id='line_1_24' title="bbox 156 2749 2678 2835; baseline -0.002 -20"><span class='ocrx_word' id='word_1_179' title='bbox 156 2750 576 2830; x_wconf 87' lang='lat' dir='ltr'>reddidisset,</span> <span class='ocrx_word' id='word_1_180' title='bbox 628 2755 702 2814; x_wconf 91' lang='lat' dir='ltr'>ut</span> <span class='ocrx_word' id='word_1_181' title='bbox 772 2750 986 2813; x_wconf 90' lang='lat' dir='ltr'>lacum</span> <span class='ocrx_word' id='word_1_182' title='bbox 1052 2750 1414 2814; x_wconf 92' lang='lat' dir='ltr'>Lucrinum</span> <span class='ocrx_word' id='word_1_183' title='bbox 1492 2771 1637 2815; x_wconf 90' lang='lat' dir='ltr'>cum</span> <span class='ocrx_word' id='word_1_184' title='bbox 1704 2752 1970 2816; x_wconf 90' lang='lat' dir='ltr'>Averno</span> <span class='ocrx_word' id='word_1_185' title='bbox 2043 2750 2460 2835; x_wconf 82' lang='lat' dir='ltr'>iungeret,24)</span> <span class='ocrx_word' id='word_1_186' title='bbox 2524 2749 2678 2834; x_wconf 86' lang='lat' dir='ltr'>(Dio</span> 
     </span>
     <span class='ocr_line' id='line_1_25' title="bbox 155 2856 2668 2939; baseline -0.001 -19"><span class='ocrx_word' id='word_1_187' title='bbox 155 2863 259 2939; x_wconf 78' lang='lat'>48,</span> <span class='ocrx_word' id='word_1_188' title='bbox 313 2856 620 2938; x_wconf 84' lang='lat'>50—51.)</span> <span class='ocrx_word' id='word_1_189' title='bbox 669 2858 882 2934; x_wconf 87' lang='lat' dir='ltr'>operis</span> <span class='ocrx_word' id='word_1_190' title='bbox 922 2856 1121 2919; x_wconf 92' lang='lat' dir='ltr'>huius</span> <span class='ocrx_word' id='word_1_191' title='bbox 1172 2856 1510 2937; x_wconf 89' lang='lat' dir='ltr'>Vergilius</span> <span class='ocrx_word' id='word_1_192' title='bbox 1560 2859 1856 2921; x_wconf 90' lang='lat' dir='ltr'>meminit</span> <span class='ocrx_word' id='word_1_193' title='bbox 1902 2857 1952 2918; x_wconf 65' lang='grc'>1,</span> <span class='ocrx_word' id='word_1_194' title='bbox 1999 2857 2089 2920; x_wconf 92' lang='grc' dir='ltr'>ΙΙ.</span> <span class='ocrx_word' id='word_1_195' title='bbox 2139 2875 2248 2919; x_wconf 82' lang='lat' dir='ltr'>vv,</span> <span class='ocrx_word' id='word_1_196' title='bbox 2305 2858 2668 2918; x_wconf 73' lang='lat'>161—164:</span> 
     </span>
    </p>

    <p class='ocr_par' dir='ltr' id='par_1_11' title="bbox 469 2960 2332 3356">
     <span class='ocr_line' id='line_1_26' title="bbox 472 2960 2332 3043; baseline 0 -20"><span class='ocrx_word' id='word_1_197' title='bbox 472 2960 577 3024; x_wconf 89' lang='lat' dir='ltr'>An</span> <span class='ocrx_word' id='word_1_198' title='bbox 626 2978 965 3024; x_wconf 93' lang='lat' dir='ltr'>memorem</span> <span class='ocrx_word' id='word_1_199' title='bbox 1012 2964 1241 3040; x_wconf 88' lang='lat' dir='ltr'>portus</span> <span class='ocrx_word' id='word_1_200' title='bbox 1291 2961 1712 3043; x_wconf 88' lang='lat' dir='ltr'>Lucrinoque</span> <span class='ocrx_word' id='word_1_201' title='bbox 1761 2961 1991 3026; x_wconf 87' lang='lat' dir='ltr'>addita</span> <span class='ocrx_word' id='word_1_202' title='bbox 2040 2961 2332 3025; x_wconf 89' lang='lat' dir='ltr'>claustra</span> 
     </span>
     <span class='ocr_line' id='line_1_27' title="bbox 474 3065 2220 3148; baseline 0 -19"><span class='ocrx_word' id='word_1_203' title='bbox 474 3066 700 3146; x_wconf 86' lang='lat' dir='ltr'>Atque</span> <span class='ocrx_word' id='word_1_204' title='bbox 747 3065 1168 3147; x_wconf 90' lang='lat' dir='ltr'>indignatum</span> <span class='ocrx_word' id='word_1_205' title='bbox 1211 3068 1467 3147; x_wconf 87' lang='lat' dir='ltr'>magnis</span> <span class='ocrx_word' id='word_1_206' title='bbox 1519 3067 1910 3130; x_wconf 88' lang='lat' dir='ltr'>stridoribus</span> <span class='ocrx_word' id='word_1_207' title='bbox 1959 3084 2220 3148; x_wconf 91' lang='lat' dir='ltr'>aequor,</span> 
     </span>
     <span class='ocr_line' id='line_1_28' title="bbox 469 3171 2049 3259; baseline 0.001 -24"><span class='ocrx_word' id='word_1_208' title='bbox 469 3172 648 3236; x_wconf 90' lang='lat' dir='ltr'>Iulia</span> <span class='ocrx_word' id='word_1_209' title='bbox 697 3189 829 3252; x_wconf 89' lang='lat' dir='ltr'>qua</span> <span class='ocrx_word' id='word_1_210' title='bbox 876 3175 1072 3250; x_wconf 91' lang='lat' dir='ltr'>ponto</span> <span class='ocrx_word' id='word_1_211' title='bbox 1120 3172 1317 3251; x_wconf 90' lang='lat' dir='ltr'>longe</span> <span class='ocrx_word' id='word_1_212' title='bbox 1366 3176 1559 3237; x_wconf 90' lang='lat' dir='ltr'>sonat</span> <span class='ocrx_word' id='word_1_213' title='bbox 1607 3172 1784 3237; x_wconf 90' lang='lat' dir='ltr'>unda</span> <span class='ocrx_word' id='word_1_214' title='bbox 1830 3171 2049 3259; x_wconf 85' lang='lat' dir='ltr'>refuso</span> 
     </span>
     <span class='ocr_line' id='line_1_29' title="bbox 473 3276 2318 3356; baseline 0 -17"><span class='ocrx_word' id='word_1_215' title='bbox 473 3276 999 3356; x_wconf 84' lang='lat' dir='ltr'>Tyrrhenusque</span> <span class='ocrx_word' id='word_1_216' title='bbox 1045 3276 1236 3340; x_wconf 88' lang='lat' dir='ltr'>fretis</span> <span class='ocrx_word' id='word_1_217' title='bbox 1285 3278 1668 3341; x_wconf 88' lang='lat' dir='ltr'>immittitur</span> <span class='ocrx_word' id='word_1_218' title='bbox 1715 3282 1940 3341; x_wconf 89' lang='lat' dir='ltr'>aestus</span> <span class='ocrx_word' id='word_1_219' title='bbox 1984 3279 2318 3340; x_wconf 84' lang='lat' dir='ltr'>Avernis&#39;?</span> 
     </span>
    </p>

    <p class='ocr_par' dir='ltr' id='par_1_12' title="bbox 155 3380 2743 3758">
     <span class='ocr_line' id='line_1_30' title="bbox 365 3380 2680 3466; baseline 0 -24"><span class='ocrx_word' id='word_1_220' title='bbox 365 3381 561 3443; x_wconf 80' lang='lat' dir='ltr'>Nunc</span> <span class='ocrx_word' id='word_1_221' title='bbox 608 3380 1107 3458; x_wconf 85' lang='lat' dir='ltr'>progrediemur</span> <span class='ocrx_word' id='word_1_222' title='bbox 1167 3382 1266 3442; x_wconf 80' lang='lat' dir='ltr'>ad</span> <span class='ocrx_word' id='word_1_223' title='bbox 1326 3402 1580 3444; x_wconf 72' lang='lat' dir='ltr'>versus</span> <span class='ocrx_word' id='word_1_224' title='bbox 1647 3383 1827 3445; x_wconf 74' lang='lat' dir='ltr'>libri</span> <span class='ocrx_word' id='word_1_225' title='bbox 1884 3382 2092 3466; x_wconf 67' lang='lat' dir='ltr'>lll.2f’)</span> <span class='ocrx_word' id='word_1_226' title='bbox 2157 3384 2237 3444; x_wconf 89' lang='lat' dir='ltr'>In</span> <span class='ocrx_word' id='word_1_227' title='bbox 2307 3383 2680 3460; x_wconf 90' lang='lat' dir='ltr'>argumenti</span> 
     </span>
     <span class='ocr_line' id='line_1_31' title="bbox 158 3484 2743 3566; baseline 0 -19"><span class='ocrx_word' id='word_1_228' title='bbox 158 3487 592 3565; x_wconf 87' lang='lat' dir='ltr'>dispositione</span> <span class='ocrx_word' id='word_1_229' title='bbox 641 3485 807 3548; x_wconf 90' lang='lat' dir='ltr'>dicit</span> <span class='ocrx_word' id='word_1_230' title='bbox 857 3486 1041 3548; x_wconf 90' lang='lat' dir='ltr'>Maro</span> <span class='ocrx_word' id='word_1_231' title='bbox 1091 3505 1158 3549; x_wconf 88' lang='lat' dir='ltr'>se</span> <span class='ocrx_word' id='word_1_232' title='bbox 1207 3488 1481 3564; x_wconf 87' lang='lat' dir='ltr'>primum</span> <span class='ocrx_word' id='word_1_233' title='bbox 1530 3488 1711 3566; x_wconf 86' lang='lat' dir='ltr'>apud</span> <span class='ocrx_word' id='word_1_234' title='bbox 1792 3489 2114 3551; x_wconf 90' lang='lat' dir='ltr'>Romanos</span> <span class='ocrx_word' id='word_1_235' title='bbox 2185 3489 2477 3549; x_wconf 92' lang='lat' dir='ltr'>tractare</span> <span class='ocrx_word' id='word_1_236' title='bbox 2542 3503 2679 3548; x_wconf 92' lang='lat' dir='ltr'>rem</span> <span class='ocrx_word' id='word_1_237' title='bbox 2731 3484 2743 3520; x_wconf 74' lang='lat'>·³</span> 
     </span>
     <span class='ocr_line' id='line_1_32' title="bbox 155 3589 2679 3672; baseline -0 -18"><span class='ocrx_word' id='word_1_238' title='bbox 155 3593 236 3655; x_wconf 88' lang='lat' dir='ltr'>ab</span> <span class='ocrx_word' id='word_1_239' title='bbox 287 3590 439 3654; x_wconf 90' lang='lat' dir='ltr'>aliis</span> <span class='ocrx_word' id='word_1_240' title='bbox 487 3590 828 3669; x_wconf 87' lang='lat' dir='ltr'>intactam,</span> <span class='ocrx_word' id='word_1_241' title='bbox 905 3589 1078 3653; x_wconf 90' lang='lat' dir='ltr'>unde</span> <span class='ocrx_word' id='word_1_242' title='bbox 1148 3593 1249 3653; x_wconf 91' lang='lat' dir='ltr'>est</span> <span class='ocrx_word' id='word_1_243' title='bbox 1321 3595 1684 3668; x_wconf 88' lang='lat' dir='ltr'>paraturus</span> <span class='ocrx_word' id='word_1_244' title='bbox 1759 3593 2075 3656; x_wconf 90' lang='lat' dir='ltr'>Mantuae</span> <span class='ocrx_word' id='word_1_245' title='bbox 2147 3610 2307 3656; x_wconf 87' lang='lat' dir='ltr'>suae</span> <span class='ocrx_word' id='word_1_246' title='bbox 2378 3609 2679 3672; x_wconf 88' lang='lat' dir='ltr'>magnam</span> 
     </span>
     <span class='ocr_line' id='line_1_33' title="bbox 156 3694 918 3758; baseline -0.001 0"><span class='ocrx_word' id='word_1_247' title='bbox 156 3695 419 3758; x_wconf 89' lang='lat' dir='ltr'>laudem</span> <span class='ocrx_word' id='word_1_248' title='bbox 469 3696 536 3755; x_wconf 93' lang='lat' dir='ltr'>et</span> <span class='ocrx_word' id='word_1_249' title='bbox 583 3694 918 3758; x_wconf 84' lang='lat' dir='ltr'>honorem:</span> 
     </span>
    </p>
   </div>
   <div class='ocr_carea' id='block_1_3' title="bbox 155 3852 573 3863">
    <p class='ocr_par' dir='ltr' id='par_1_13' title="bbox 155 3852 573 3863">
     <span class='ocr_line' id='line_1_34' title="bbox 155 3852 573 3863; baseline 0 694"><span class='ocrx_word' id='word_1_250' title='bbox 155 3852 573 3863; x_wconf 95' lang='lat' dir='ltr'> </span> 
     </span>
    </p>
   </div>
   <div class='ocr_carea' id='block_1_4' title="bbox 365 3938 1963 4011">
    <p class='ocr_par' dir='ltr' id='par_1_14' title="bbox 365 3938 1963 4011">
     <span class='ocr_line' id='line_1_35' title="bbox 365 3938 1963 4011; baseline 0.009 -29"><span class='ocrx_word' id='word_1_251' title='bbox 365 3939 431 4007; x_wconf 62' lang='lat'>2³)</span> <span class='ocrx_word' id='word_1_252' title='bbox 470 3938 569 3991; x_wconf 87' lang='lat' dir='ltr'>Hic</span> <span class='ocrx_word' id='word_1_253' title='bbox 610 3942 802 4006; x_wconf 86' lang='lat' dir='ltr'>portus</span> <span class='ocrx_word' id='word_1_254' title='bbox 841 3940 1014 3995; x_wconf 86' lang='lat' dir='ltr'>Julius</span> <span class='ocrx_word' id='word_1_255' title='bbox 1055 3944 1141 3994; x_wconf 89' lang='lat' dir='ltr'>est</span> <span class='ocrx_word' id='word_1_256' title='bbox 1178 3945 1427 3995; x_wconf 84' lang='lat' dir='ltr'>vocatus.</span> <span class='ocrx_word' id='word_1_257' title='bbox 1465 3943 1634 4011; x_wconf 88' lang='lat' dir='ltr'>(Suet.</span> <span class='ocrx_word' id='word_1_258' title='bbox 1674 3943 1812 4011; x_wconf 86' lang='lat' dir='ltr'>Ang.</span> <span class='ocrx_word' id='word_1_259' title='bbox 1858 3941 1963 4011; x_wconf 88' lang='lat'>16.)</span> 
     </span>
    </p>
   </div>
   <div class='ocr_carea' id='block_1_5' title="bbox 153 4077 2683 4231">
    <p class='ocr_par' dir='ltr' id='par_1_15' title="bbox 153 4077 2683 4231">
     <span class='ocr_line' id='line_1_36' title="bbox 368 4077 2683 4152; baseline 0.001 -21"><span class='ocrx_word' id='word_1_260' title='bbox 368 4077 433 4144; x_wconf 63' lang='grc'>25)</span> <span class='ocrx_word' id='word_1_261' title='bbox 468 4079 731 4133; x_wconf 84' lang='lat' dir='ltr'>Versibus</span> <span class='ocrx_word' id='word_1_262' title='bbox 769 4080 997 4132; x_wconf 81' lang='lat'>26-33,</span> <span class='ocrx_word' id='word_1_263' title='bbox 1038 4081 1402 4148; x_wconf 76' lang='lat' dir='ltr'>depinguntur</span> <span class='ocrx_word' id='word_1_264' title='bbox 1447 4087 1716 4150; x_wconf 83' lang='lat' dir='ltr'>tempora,</span> <span class='ocrx_word' id='word_1_265' title='bbox 1757 4101 1900 4150; x_wconf 83' lang='lat' dir='ltr'>quae</span> <span class='ocrx_word' id='word_1_266' title='bbox 1944 4087 2199 4152; x_wconf 85' lang='lat' dir='ltr'>spectant</span> <span class='ocrx_word' id='word_1_267' title='bbox 2236 4084 2307 4134; x_wconf 85' lang='lat' dir='ltr'>ad</span> <span class='ocrx_word' id='word_1_268' title='bbox 2359 4100 2542 4135; x_wconf 83' lang='lat' dir='ltr'>annos</span> <span class='ocrx_word' id='word_1_269' title='bbox 2581 4082 2683 4151; x_wconf 78' lang='lat'>31,</span> 
     </span>
     <span class='ocr_line' id='line_1_37' title="bbox 153 4156 2675 4231; baseline 0.003 -25"><span class='ocrx_word' id='word_1_270' title='bbox 153 4159 208 4206; x_wconf 91' lang='lat' dir='ltr'>et</span> <span class='ocrx_word' id='word_1_271' title='bbox 242 4156 327 4210; x_wconf 85' lang='lat'>30.</span> <span class='ocrx_word' id='word_1_272' title='bbox 365 4173 415 4207; x_wconf 86' lang='lat' dir='ltr'>a.</span> <span class='ocrx_word' id='word_1_273' title='bbox 453 4156 549 4210; x_wconf 88' lang='lat' dir='ltr'>Ch.</span> <span class='ocrx_word' id='word_1_274' title='bbox 589 4177 642 4211; x_wconf 89' lang='lat' dir='ltr'>n.</span> <span class='ocrx_word' id='word_1_275' title='bbox 677 4161 772 4212; x_wconf 88' lang='lat' dir='ltr'>His</span> <span class='ocrx_word' id='word_1_276' title='bbox 812 4161 962 4212; x_wconf 88' lang='lat' dir='ltr'>enim</span> <span class='ocrx_word' id='word_1_277' title='bbox 1001 4162 1254 4214; x_wconf 87' lang='lat' dir='ltr'>versibus</span> <span class='ocrx_word' id='word_1_278' title='bbox 1293 4164 1648 4214; x_wconf 75' lang='lat' dir='ltr'>celebrantur</span> <span class='ocrx_word' id='word_1_279' title='bbox 1684 4163 1961 4230; x_wconf 86' lang='lat' dir='ltr'>victoriae,</span> <span class='ocrx_word' id='word_1_280' title='bbox 2004 4180 2141 4231; x_wconf 86' lang='lat' dir='ltr'>quas</span> <span class='ocrx_word' id='word_1_281' title='bbox 2199 4164 2307 4215; x_wconf 84' lang='lat' dir='ltr'>iuis</span> <span class='ocrx_word' id='word_1_282' title='bbox 2363 4162 2528 4215; x_wconf 87' lang='lat' dir='ltr'>annis</span> <span class='ocrx_word' id='word_1_283' title='bbox 2569 4161 2675 4216; x_wconf 91' lang='lat' dir='ltr'>Oc-</span> 
     </span>
    </p>
   </div>
   <div class='ocr_carea' id='block_1_6' title="bbox 34 4235 2671 4309">
    <p class='ocr_par' dir='ltr' id='par_1_16' title="bbox 34 4235 2671 4309">
     <span class='ocr_line' id='line_1_38' title="bbox 34 4235 2671 4309; baseline 0.003 -25"><span class='ocrx_word' id='word_1_284' title='bbox 34 4248 36 4251; x_wconf 77' lang='grc'>’</span> <span class='ocrx_word' id='word_1_285' title='bbox 154 4235 411 4286; x_wconf 84' lang='lat' dir='ltr'>taviauus</span> <span class='ocrx_word' id='word_1_286' title='bbox 450 4235 779 4302; x_wconf 81' lang='lat' dir='ltr'>deportavit.</span> <span class='ocrx_word' id='word_1_287' title='bbox 819 4241 1159 4306; x_wconf 85' lang='lat' dir='ltr'>Temporum</span> <span class='ocrx_word' id='word_1_288' title='bbox 1198 4242 1363 4306; x_wconf 87' lang='lat' dir='ltr'>igitur</span> <span class='ocrx_word' id='word_1_289' title='bbox 1401 4242 1809 4308; x_wconf 83' lang='lat' dir='ltr'>descriptiones</span> <span class='ocrx_word' id='word_1_290' title='bbox 1876 4239 1991 4294; x_wconf 82' lang='lat' dir='ltr'>non</span> <span class='ocrx_word' id='word_1_291' title='bbox 2031 4242 2389 4309; x_wconf 83' lang='lat' dir='ltr'>egrediuntur</span> <span class='ocrx_word' id='word_1_292' title='bbox 2417 4257 2478 4295; x_wconf 88' lang='lat' dir='ltr'>·a.</span> <span class='ocrx_word' id='word_1_293' title='bbox 2514 4242 2585 4291; x_wconf 88' lang='lat'>30</span> <span class='ocrx_word' id='word_1_294' title='bbox 2621 4257 2671 4292; x_wconf 83' lang='lat' dir='ltr'>a.</span> 
     </span>
    </p>
   </div>
   <div class='ocr_carea' id='block_1_7' title="bbox 157 4311 1758 4394">
    <p class='ocr_par' dir='ltr' id='par_1_17' title="bbox 157 4311 1758 4394">
     <span class='ocr_line' id='line_1_39' title="bbox 157 4311 1758 4394; baseline 0.004 -28"><span class='ocrx_word' id='word_1_295' title='bbox 157 4311 251 4366; x_wconf 83' lang='lat' dir='ltr'>Ch.</span> <span class='ocrx_word' id='word_1_296' title='bbox 292 4330 348 4364; x_wconf 87' lang='lat'>11.</span> <span class='ocrx_word' id='word_1_297' title='bbox 386 4312 523 4380; x_wconf 82' lang='lat' dir='ltr'>(Cns.</span> <span class='ocrx_word' id='word_1_298' title='bbox 559 4314 720 4372; x_wconf 88' lang='lat' dir='ltr'>Ribb.</span> <span class='ocrx_word' id='word_1_299' title='bbox 758 4317 958 4371; x_wconf 87' lang='lat' dir='ltr'>Gesch.</span> <span class='ocrx_word' id='word_1_300' title='bbox 998 4320 1046 4371; x_wconf 91' lang='lat' dir='ltr'>d.</span> <span class='ocrx_word' id='word_1_301' title='bbox 1088 4326 1226 4373; x_wconf 72' lang='lat' dir='ltr'>rom.</span> <span class='ocrx_word' id='word_1_302' title='bbox 1266 4320 1442 4373; x_wconf 87' lang='lat' dir='ltr'>Dicht.</span> <span class='ocrx_word' id='word_1_303' title='bbox 1482 4338 1610 4394; x_wconf 69' lang='lat' dir='ltr'>pag.</span> <span class='ocrx_word' id='word_1_304' title='bbox 1649 4319 1758 4388; x_wconf 75' lang='lat'>42.)</span> 
     </span>
    </p>
   </div>
  </div>
 </body>
</html>
