2834 4557
1210 217 1620 284 *IS-—

474 481 1619 498 ..................
1671 449 1872 497 aurea
1912 429 2155 497 ‘condet

473 540 753 604 Saecula
801 542 912 616 qui
960 556 1186 601 rursus
1237 536 1435 600 Latio
1483 541 1769 615 regnata
1816 556 1934 617 per
1980 556 2145 602 arva

472 645 756 709 Saturno
805 643 1144 723 quondam,
1196 660 1392 719 super
1439 645 1506 703 et
1555 642 1992 705 Garamantas
2041 645 2108 704 et
2154 642 2350 706 Indos

467 748 769 834 Proferet
815 750 1178 826 imperium.

2033 832 2106 907 (v.
2149 833 2447 888 793—796.
2485 836 2518 888 l.
2557 835 2662 903 VI.)

152 927 296 989 Non
345 925 549 989 solum
596 926 863 1001 propter
910 940 1135 1000 pacem
1181 922 1495 984 Romanis
1542 922 1923 984 institutam
1989 921 2303 985 laudatur
2351 924 2662 988 Octavia-

150 1049 272 1092 nus
323 1033 390 1091 et
437 1029 514 1089 ob
561 1027 723 1090 fines
772 1028 1034 1104 imperii
1090 1026 1368 1088 Romani
1445 1028 1744 1088 victoriis
1815 1026 2123 1105 prolatos,
2176 1026 2289 1089 sed
2338 1029 2536 1090 etiam
2584 1029 2662 1090 ob

152 1134 605 1213 expeditiones
709 1132 1175 1195 remotissimas
1228 1133 1295 1192 et
1368 1132 1616 1193 itinera
1721 1133 2027 1209 suscepta.
2104 1129 2187 1193 ad
2262 1131 2662 1195 ordinandas

147 1240 554 1319 provincias:

881 1323 1062 1385 iacet
1112 1324 1304 1383 extra
1349 1321 1571 1385 sidera
1617 1322 1836 1403 tellus,

461 1429 677 1493 E'xtra
727 1429 887 1491 anni
941 1426 1228 1504 solisque
1276 1427 1444 1507 vias,
1496 1427 1610 1490 ubi
1659 1427 1931 1491 caelifer
1974 1426 2170 1496 Atlas

460 1535 667 1597 Axem
714 1533 980 1595 humero
1027 1534 1293 1608 torquet
1341 1532 1554 1595 stellis
1604 1532 1990 1596 ardentibus
2040 1535 2280 1612 aptum.

2228 1636 2301 1704 (v.
2341 1635 2661 1705 796—798.)

142 1734 400 1797 Futura
451 1729 810 1793 Octaviani
859 1724 1245 1805 magnitudo
1295 1726 1565 1803 eiusque
1613 1710 1924 1790 maiestas
1993 1729 2123 1790 iam
2169 1728 2395 1790 multis
2445 1728 2656 1805 signis

145 1856 219 1900 ac
268 1834 640 1915 praesagiis
691 1835 792 1895 est
868 1833 1148 1910 ostenta,
1221 1833 1552 1906 tamquam
1617 1832 1685 1893 in
1757 1834 2206 1895 remotissimis
2275 1834 2656 1912 regionibus

142 1947 364 2006 terrae
414 1941 610 2018 signa
659 1939 801 2000 eius
851 1935 1218 2015 splendoris
1267 1939 1334 1999 et
1381 1939 1719 2014 potentiae
1769 1938 2232 2002 animadversa
2280 1943 2534 2002 essent:

457 2045 674 2107 Huius
722 2044 793 2105 in
842 2042 1199 2105 adventum
1246 2044 1377 2104 iam
1424 2061 1598 2105 nunc
1648 2046 1714 2105 et
1764 2043 2006 2121 Caspia
2053 2062 2263 2122 regna

458 2149 815 2227 Responsis
863 2147 1134 2211 horrent
1183 2147 1406 2211 divum
1454 2151 1521 2211 et
1570 2149 1859 2212 Maeotia
1905 2149 2105 2212 tellus

456 2254 548 2316 Et
597 2254 1090 2331 septemgemini
1142 2254 1418 2316 turbant
1463 2254 1727 2331 trepida
1774 2257 1945 2319 ostia
1985 2256 2144 2321 Nili.

452 2359 591 2423 Nec
639 2377 792 2421 vero
840 2357 1108 2421 Alcides
1156 2361 1415 2421 tantum
1461 2359 1721 2421 telluris
1770 2359 2003 2441 obivit,

454 2464 719 2526 Fixerit
763 2463 1134 2540 aeripedem
1183 2482 1446 2528 cervam
1493 2465 1653 2528 licet
1701 2468 1817 2529 aut
1862 2466 2262 2546 Erymanthi

451 2568 724 2632 Pacarit
769 2584 1035 2630 nemora
1082 2570 1149 2630 et
1195 2567 1479 2632 Lernam
1526 2568 1968 2634 tremefecerit
2016 2588 2200 2649 arcu3

450 2676 608 2755 Nec,
661 2675 773 2749 qui
821 2675 1188 2750 pampineis
1237 2675 1450 2737 victor
1495 2676 1657 2753 iuga
1704 2674 1913 2737 flectit
1960 2675 2255 2754 habeniS‚

451 2777 673 2858 Liber,
726 2794 933 2857 agens
985 2760 1170 2842 celso
1204 2778 1426 2857 Nysae
1476 2778 1556 2841 de
1603 2780 1854 2842 vertice
1901 2779 2119 2857 tigris.

2216 2883 2290 2952 (v.
2330 2882 2646 2952 799—806.)

131 2975 198 3037 M
268 2973 675 3052 Marcellum,
729 2973 1071 3052 Octaviae,
1125 2974 1363 3035 sororis
1412 2971 1725 3052 Augusti,
1793 2972 1999 3035 filium
2068 2976 2361 3050 ereptum
2424 2975 2646 3037 imma-

127 3082 280 3141 tura
327 3080 533 3140 morte
579 3096 637 3140 a.
690 3081 770 3139 23
822 3094 879 3139 a.
934 3076 1048 3140 Ch.
1099 3096 1161 3141 11.
1215 3075 1369 3159 (Dio
1419 3083 1520 3157 53,
1595 3074 1745 3158 30.),
1819 3078 2001 3140 miris
2073 3075 2269 3140 effert
2337 3077 2643 3142 laudibus

126 3179 196 3246 in
248 3184 500 3248 caelum
547 3185 745 3262 poeta
814 3183 1087 3258 eiusque
1152 3184 1419 3244 mortem
1490 3183 1755 3244 ornavit
1817 3180 2273 3259 pulcherrimis
2343 3183 2643 3245 versibus

125 3291 444 3355 Aeneidis
492 3291 534 3354 1.
589 3291 703 3373 VI,
755 3294 1124 3353 861-887,
1176 3289 1427 3369 Quibus
1472 3287 1551 3349 de
1602 3288 1900 3351 versibus
1966 3288 2160 3353 lectis
2209 3292 2285 3351 et
2350 3305 2643 3352 remune-

124 3399 382 3460 ratione
430 3397 802 3461 honestatis
851 3398 946 3459 sic
994 3399 1183 3458 notat
1227 3395 1527 3458 Donatus
1576 3392 1613 3476 §
1658 3399 1768 3457 47:
1845 3393 2011 3471 „Sed
2075 3394 2250 3460 hunc
2295 3392 2368 3478 (i.
2420 3413 2473 3460 e.
2526 3395 2639 3459 VJ.

120 3503 400 3565 liberum
446 3503 766 3565 recitavit
842 3498 1214 3583 Vergilius)
1279 3500 1356 3562 ob
1401 3500 1774 3564 Octaviam:
1827 3518 1995 3578 quae
2045 3517 2188 3564 cum
2253 3502 2641 3564 recitationi

119 3610 496 3689 interesset,
549 3606 633 3670 ad
683 3606 833 3670 illos
883 3606 964 3668 de
1010 3605 1145 3668 filio
1194 3624 1308 3669 suo
1367 3616 1651 3685 versus:‚‘
1693 3603 1793 3668 Tu
1841 3605 2196 3669 Marcellus
2264 3605 2414 3669 eris’
2465 3605 2640 3668 defe-

120 3713 287 3775 cisse
336 3710 550 3775 fertur
600 3715 800 3788 atque
873 3729 1073 3790 aegre
1138 3710 1516 3774 refocillata
1583 3711 1753 3775 dena
1821 3713 2135 3774 sestertia
2198 3730 2314 3789 pro
2377 3711 2639 3789 singulo

119 3836 315 3881 versu
362 3816 664 3898 Vergilio
711 3816 858 3880 dari
927 3817 1169 3880 iussit‘i
1243 3816 1563 3881 Summam
1635 3819 1807 3880 enim
1882 3818 2119 3880 habuit
2186 3817 2464 3895 populus
2511 3817 2637 3881 Ro-

119 3941 346 3988 manus
396 3908 958 4002 exspectationem
1008 3922 1088 3987 de
1137 3923 1224 3987 M.
1283 3922 1586 3987 Marcelli
1635 3923 2027 3987 virtutibus:

436 4028 655 4111 ,QuiS,
705 4031 917 4112 pater,
966 4030 1100 4111 ille,
1153 4031 1365 4093 virum
1415 4031 1527 4108 qui
1576 4032 1672 4094 sic
1719 4030 2069 4094 comitatur
2117 4031 2422 4094 euntem?

416 4134 646 4224 Filius
698 4154 870 4199 anne
920 4135 1162 4213 aliquis
1209 4153 1452 4215 magna
1500 4135 1579 4198 de
1629 4137 1837 4214 stirpe
1884 4136 2228 4214 nepotum?

426 4238 554 4320 Qui
602 4243 919 4321 strepitus
971 4243 1146 4305 circa
1195 4242 1522 4305 comitum!
1576 4243 1891 4318 quantum
1937 4242 2154 4304 instar
2198 4242 2269 4304 in
2317 4243 2483 4319 ipso!

371 4333 373 4335 ¹
427 4344 553 4438 Sed
601 4365 728 4438 nox
778 4351 928 4412 atra
972 4345 1172 4425 caput
1218 4349 1401 4412 tristi
1451 4347 1881 4412 circumvolat
1928 4347 2208 4411 umbra‘i
2478 4423 2480 4425 Ι

2198 4451 2272 4521 (v.
2307 4450 2627 4524 864—867.)
