2834 4557
1209 245 1619 300 ...3-

152 442 281 510 sed
346 449 640 512 carmina
718 448 1003 528 Vergilii
1078 449 1311 512 valent
1391 451 1568 529 „tela
1642 453 1820 513 inter
1896 450 2270 513 Martia‘—-
2316 454 2669 529 „quantum

151 552 480 616 Chaonias
527 554 760 617 dicunt
808 554 1032 630 aquila
1082 554 1394 617 veniente
1444 555 1809 618 columbas“
1847 553 1940 638 (ν.
1978 553 2110 637 13)
2159 555 2251 617 Et
2297 573 2439 618 cum
2473 556 2666 619 Octa-

154 658 342 720 viani
390 659 724 735 promissis
774 656 981 719 fretus
1031 660 1226 736 poeta
1274 676 1356 720 ex
1404 662 1539 721 suis
1588 660 2105 738 possessionibus
2138 659 2368 723 cedere
2410 676 2670 723 recusa-

156 766 277 842 ret,
328 781 537 840 paene
585 762 785 826 Arius
835 781 978 825 eum
1025 762 1384 844 interfecit,
1444 782 1600 840 „nec
1669 768 1823 827 tuus
1865 765 1978 827 hic
2026 766 2267 827 Moeris
2316 782 2437 829 nec
2486 767 2670 828 vive-

154 870 261 930 ret
306 869 447 946 ipse
496 867 875 931 Menalcas‘s
924 865 1016 949 (v.
1070 865 1200 950 16.)

1353 1218 1477 1280 III.

370 1513 639 1591 Eclogis
688 1515 828 1576 sive
882 1514 1281 1576 carminibus
1347 1513 1661 1576 bucolicis
1728 1510 1954 1574 effecit
2002 1513 2440 1594 VergiliuS,ut
2486 1531 2555 1576 se
2601 1516 2702 1594 in,

162 1618 522 1679 amicitiam
572 1618 638 1678 et
686 1614 1209 1680 familiaritatem
1261 1618 1328 1681 O.
1379 1617 1602 1680 Asinii
1649 1617 1963 1696 Polionis,
2011 1616 2240 1680 Alfeni
2289 1618 2471 1698 Vari,
2524 1618 2671 1680 Cor-

160 1721 325 1782 nelii
375 1721 556 1784 Galli
604 1721 752 1803 (ecl.
809 1722 956 1803 lO.),
1008 1722 1082 1785 L.
1134 1722 1345 1802 Varii,
1396 1721 1682 1801 Horatii,
1734 1719 2019 1799 denique
2086 1722 2514 1802 MaecenatiS,
2568 1724 2674 1784 cui

161 1841 200 1885 a
246 1825 516 1887 Polione
567 1828 712 1888 erat
759 1825 1260 1905 commendatuS,
1313 1827 1703 1904 applicaret.
1757 1824 1890 1903 Qui
1967 1845 2109 1889 cum
2175 1846 2289 1904 pro
2338 1847 2411 1890 eo
2458 1830 2663 1890 inter-

161 1931 468 1991 cessisset
515 1931 690 2009 apud
738 1931 1176 1993 Octavianum
1223 1931 1594 2011 Augustum
1642 1929 1790 2014 (ecl.
1843 1930 1952 2013 9.),
2004 1931 2283 2011 adeptus
2332 1936 2433 1995 est
2474 1935 2673 1995 etiam

161 2039 356 2112 poeta
403 2039 630 2098 noster
679 2038 887 2115 ipsius
938 2038 1295 2100 Octaviani
1344 2035 1812 2119 amicitiam.¹8)
1860 2037 1964 2100 Ex
2014 2056 2137 2115 quo
2183 2041 2473 2116 tempore
2521 2056 2670 2101 raro

162 2138 503 2217 Vergilius
552 2141 622 2202 in
671 2140 940 2217 praedio
987 2140 1251 2204 Andino
1302 2143 1489 2220 vixit,
1565 2140 1679 2204 sed
1749 2141 2129 2220 plerumque
2205 2143 2442 2205 Romae
2514 2161 2674 2206 com·

160 2244 557 2323 morabatur,
610 2261 752 2306 cum
808 2263 1050 2322 magna
1123 2244 1296 2322 apud
1368 2246 1818 2307 Maecenatem
1888 2247 2102 2323 gloria
2172 2247 2448 2309 floreret.
2497 2245 2673 2328 (Cnf.

160 2347 318 2408 Hor.
373 2347 583 2409 Oarm.
636 2347 719 2408 ad
761 2348 895 2411 Pis,
946 2366 1008 2412 v.
1060 2353 1185 2411 218
1236 2366 1331 2429 011.
1379 2352 1447 2411 et
1492 2349 1785 2413 Martial.
1816 2349 2002 2430 VIII,
2055 2348 2454 2432 56.)'Causa
2479 2350 2674 2413 huius

163 2451 302 2513 fere
353 2454 688 2515 amicitiae
724 2451 852 2516 fuit
898 2452 1070 2515 idem
1117 2452 1493 2515 litterarum
1544 2456 1611 2516 et
1658 2455 1872 2531 poesis
1922 2451 2227 2532 studium,
2277 2451 2446 2529 quod
2477 2452 2676 2515 homi-

159 2576 277 2620 nes
326 2556 546 2619 doctos
596 2574 674 2620 ac
722 2560 947 2635 poetas
995 2559 1065 2619 in
1113 2557 1403 2620 Polionis
1452 2576 1529 2621 ac
1576 2558 1986 2623 Maecenatis
2041 2556 2220 2619 domo
2298 2555 2678 2635 frequenter

161 2664 617 2742 congregavit.
642 2663 835 2726 Anno
860 2667 1079 2727 autem
1130 2669 1210 2726 38
1261 2666 1379 2727 aut
1426 2669 1502 2725 37
1555 2681 1613 2728 a.
1665 2664 1779 2727 Ch.
1828 2681 1891 2726 11.
1942 2680 2296 2742 aggressus
2345 2666 2446 2725 est
2492 2663 2675 2726 Maro

159 2766 244 2830 ad
300 2765 647 2847 Georgica
697 2767 1156 2849 componenda,
1208 2771 1282 2830 ut
1359 2770 1620 2845 patroni
1700 2785 1814 2830 suo
1891 2767 2284 2847 Maecenati,
2336 2785 2376 2830 a
2423 2785 2546 2845 quo
2593 2766 2677 2831 ad

157 2873 279 2936 hoc
328 2889 590 2935 carmen
640 2870 1068 2937 efficiendum
1117 2876 1262 2937 erat
1334 2874 1682 2953 excitatuS,
1753 2870 2141 2936 satisfacere
2205 2875 2443 2950 posset.
2494 2872 2679 2952 Quod

158 2997 316 3055 opus
366 2977 619 3039 demum
668 2995 726 3040 a.
779 2984 860 3039 30
911 2996 970 3041 a.
1023 2980 1137 3041 Ch.
1186 2996 1249 3040 n.
1305 2978 1609 3056 absolxit,
1661 2996 1803 3040 cum
1852 2979 2266 3054 septennium
2298 2978 2368 3039 in
2406 2995 2479 3039 eo
2516 2995 2677 3040 00111-

157 3083 457 3161 ponendo
506 3083 1126 3168 consumpsissetffl)
1176 3083 1450 3148 Carmen
1499 3083 1567 3146 id
1619 3087 1690 3146 ut
1737 3082 2075 3163 scriberet,
2126 3080 2394 3145 videtur
2461 3080 2678 3145 condi-

152 3191 333 3252 tione
380 3189 641 3252 illorum
688 3192 1049 3269 temporum
1097 3188 1421 3254 adductus
1473 3207 1638 3254 esse.
1686 3190 1852 3254 Nam
1888 3187 2368 3269 agriculturam
2398 3187 2677 3251 Romani

328 3366 331 3367 ⁷
372 3398 433 3466 ¹⁸)
472 3396 784 3451 Schanzius
822 3397 958 3453 Hist.
1000 3398 1097 3451 litt.
1138 3398 1298 3450 Rom.
1334 3413 1459 3467 pag.
1495 3398 1546 3449 8.
1584 3402 1640 3450 et
1676 3396 1758 3449 14.

370 3538 433 3607 ¹⁹)
477 3538 675 3594 Donat.
713 3538 746 3605 ἕ
783 3536 870 3590 40.
911 3567 976 3575 —-
1015 3537 1140 3591 Non
1181 3543 1432 3591 nostrum
1483 3554 1609 3591 esse
1676 3537 1895 3591 videtur
1955 3537 2064 3591 hoc
2124 3536 2254 3591 loco
2320 3536 2679 3590 considerare

156 3636 223 3673 30
262 3618 556 3686 disserere,
596 3616 796 3685 quibus
832 3617 1180 3685 temporibus
1221 3617 1497 3686 Georgica
1560 3618 1672 3673 sint
1708 3617 1934 3685 scripta.
1987 3616 2097 3671 Sed
2134 3616 2249 3670 ism
2287 3633 2322 3670 a
2361 3621 2533 3685 poeta
2569 3617 2678 3670 hoc

154 3704 375 3766 tempus
411 3696 720 3751 indicatum
757 3712 884 3750 esse
923 3695 1156 3753 videtur.
1193 3696 1358 3751 Anno
1396 3698 1548 3752 enim
1585 3699 1672 3752 37.
1710 3714 1760 3753 a.
1797 3696 1894 3751 Ch.
1934 3714 1989 3750 n.
2018 3701 2184 3765 poeta
2210 3697 2483 3765 Georgica
2520 3713 2681 3750 exor-

156 3795 248 3833 sus
303 3777 510 3832 cecinit
563 3780 873 3831 extremum
938 3778 1208 3845 eclogam,
1270 3778 1513 3832 absolvit
1590 3782 1776 3832 autem
1839 3775 2131 3843 Georgica,
2196 3794 2321 3830 cum
2385 3775 2678 3846 Augustus

152 3858 226 3916 ed
325 3855 672 3927 Euphratem
774 3853 1124 3919 fulminaret.
1200 3855 1353 3924 Quae
1453 3858 1627 3911 verba
1701 3860 1831 3911 sunt
1925 3855 2309 3923 intellegenda
2384 3856 2453 3909 de
2526 3870 2678 3908 311110

154 3937 225 3988 30
261 3954 310 3991 3.
350 3936 448 3991 Ch.
487 3953 539 3988 n.
543 3951 702 4004 ,quo
741 3936 1025 4004 Augustus
1064 3936 1306 3990 victoria
1345 3936 1574 3989 Actiaca
1610 3937 1900 4004 reportata
1933 3934 1991 3986 in
2022 3934 2185 4002 Syria
2212 3933 2684 3987 commorabatur.

154 4017 308 4070 Hanc
333 4015 620 4083 Forbigeri
657 4014 995 4068 sententiam
1033 4015 1088 4066 in
1117 4014 1511 4088 dissertatione
1543 4014 1610 4067 de
1637 4014 1754 4068 vita
1772 4012 1998 4080 Vergilii
2024 4028 2151 4080 pag.
2170 4012 2310 4066 XVI.
2338 4011 2553 4082 (adnol.
2572 4009 2680 4076 47.)

153 4081 504 4162 probabilem
580 4109 708 4147 esse
753 4108 985 4150 censeo,
1038 4093 1213 4147 Aliter
1268 4093 1336 4147 de
1392 4108 1461 4147 ea
1509 4109 1570 4147 re
1626 4092 1865 4161 Borgius
1925 4093 2024 4161 [De
2062 4091 2426 4159 temporibus,
2481 4089 2680 4158 quibus

155 4170 382 4238 Vergilii
421 4171 696 4240 Georgica
734 4172 942 4240 scripta
979 4177 1034 4226 et
1070 4173 1321 4240 perfecta
1359 4172 1525 4240 01111.],
1576 4172 1670 4239 11111
1713 4174 1866 4240 putat
1922 4170 2197 4238 Georgica
2250 4169 2415 4223 annis
2450 4165 2681 4221 32-29.

159 4265 211 4304 3.
249 4248 347 4310 Ch,
385 4266 441 4303 n.
479 4253 797 4319 composita
832 4267 977 4305 esse.
1035 4250 1354 4320 Schaperus
1416 4256 1604 4304 autem
1644 4250 1743 4319 [De
1784 4249 2072 4318 Georgicis
2109 4265 2145 4303 a
2182 4249 2426 4316 Vergilio
2488 4261 2693 4301 emen-¹

157 4328 339 4398 datis]
380 4329 626 4383 affirmat
666 4331 978 4387 secundam
1017 4329 1415 4400 Georgicorum
1462 4330 1769 4386 editionem
1806 4345 1857 4387 a.
1894 4329 1965 4383 25
2000 4346 2050 4383 3.
2089 4328 2185 4383 Ch.
2223 4347 2279 4382 n.
2314 4326 2612 4397 prodiisse.
