2834 4557
1189 290 1599 354 ...1103Ε

134 508 247 567 tur
297 522 336 567 a
384 498 685 584 Vergilio
764 506 1029 581 „auctor
1103 502 1364 580 frugum
1440 503 2032 580 tempestatumque
2111 498 2409 582 potens“,
2490 515 2652 579 pace

135 612 308 674 enim
356 612 751 688 recuperata
801 645 876 652 —
928 611 1002 671 ut
1050 610 1228 671 recte
1276 606 1752 670 animadvertit
1799 607 1993 669 Ribb.
2043 607 2304 685 Proleg.
2343 616 2505 685 pag.
2554 612 2650 670 15.

138 720 449 794 —sperat
497 714 836 793 Vergilius
886 713 966 776 ab
1015 711 1315 791 Augusto
1365 710 1735 776 Octaviano
1807 714 2068 776 cautum
2115 713 2221 792 iri,
2293 728 2375 776 110
2423 714 2672 789 postea-

141 814 444 900 umquam
492 822 754 884 laboret
802 820 1006 883 Italia
1055 820 1121 880 et
1169 817 1373 880 Roma
1422 819 1704 881 caritate
1753 835 2072 880 3111101130.

348 925 771 1004 Adscriptum
817 926 995 987 111101
1042 923 1192 986 deos
1251 924 1628 1001 Augustum
1697 922 1886 986 decet
1958 923 2203 1002 Thetyi
2269 923 2518 986 nubere
2584 925 2651 984 et

144 1050 274 1093 non
323 1029 579 1094 sufficit
627 1029 972 1092 Caesarem
1019 1030 1089 1090 in
1139 1027 1398 1091 stellam
1447 1028 1735 1105 aliquam
1800 1030 2121 1090 mutatum
2192 1026 2649 1105 splendidissi-

135 1138 257 1198 mis
307 1135 634 1198 sideribus
682 1134 951 1197 Zodiaci
1000 1133 1301 1212 adiungi:

455 1240 680 1316 Teque
728 1238 854 1300 sibi
903 1256 1218 1317 generum
1265 1238 1518 1316 Thetys
1568 1241 1741 1299 emat
1788 1238 2084 1301 omnibus
2135 1230 2347 1316 undis.

452 1344 645 1405 Anne
692 1361 931 1406 novum
975 1342 1187 1405 tardis
1237 1342 1417 1405 sidus
1466 1346 1533 1405 te
1579 1343 1909 1405 mensibus
1959 1341 2181 1423 addas,

461 1447 607 1527 Qua
654 1448 832 1510 locus
881 1446 1224 1524 Erigonen
1271 1449 1450 1509 inter
1497 1448 1863 1523 Chelasque
1912 1449 2246 1524 sequentis

451 1551 779 1613 Panditur
812 1587 890 1595 —
926 1553 1067 1627 ipse
1112 1552 1239 1612 tibi
1285 1554 1415 1613 iam
1464 1552 1774 1614 bracchia
1823 1551 2154 1613 contrahit
2187 1550 2424 1613 ardens

451 1656 749 1735 Scorpios
799 1659 867 1718 et
915 1654 1084 1718 caeli
1131 1656 1310 1717 iusta
1356 1656 1504 1733 plus
1554 1658 1743 1733 parte
1791 1655 2151 1733 reliquit—

1945 1759 2083 1843 (vv.
2137 1765 2392 1823 31—35
2466 1761 2507 1824 1.
2558 1760 2644 1843 Ι.)

342 1864 773 1944 Magnificum
823 1865 1212 1943 phantasma
1264 1883 1406 1929 cum
1477 1864 1864 1928 adulatione
1914 1868 2092 1929 inest
2138 1866 2293 1928 huic
2340 1866 2496 1947 loco,
2534 1867 2646 1943 qui

132 1971 503 2035 Octaviano
554 1988 593 2032 a
624 1970 940 2048 'Vergilio
990 1971 1405 2049 adsignatur.
1468 1971 1674 2032 Locat
1715 1972 1886 2032 0111111
1958 1990 2101 2033 011111
2170 1972 2349 2033 inter
2412 1971 2645 2050 Erigo-

135 2093 284 2155 nen,
335 2078 378 2139 1.
430 2093 484 2139 0.
535 2076 897 2155 Virginem,
949 2094 1138 2153 quam
1189 2077 1307 2139 alii
1354 2077 1659 2139 Astream
1709 2094 1823 2138 seu
1871 2077 2210 2139 Iustitiam
2262 2082 2522 2158 vocant⁷
2576 2082 2643 2139 et

127 2183 306 2243 inter
355 2181 710 2256 Scorpium.
763 2181 960 2242 Hunc
1024 2182 1237 2257 igitur
1303 2181 1512 2243 10011111
1583 2180 1882 2243 1111111031
1928 2180 2269 2258 Vergilius
2340 2181 2643 2259 Augusto

128 2291 195 2348 et
247 2288 540 2349 celebrat
585 2288 795 2364 ipsius
843 2287 1173 2348 iustitiam
1222 2289 1290 2347 et
1338 2287 1762 2362 aequitatem.
1813 2285 2040 2362 Neque
2071 2285 2395 2349 adscribit
2422 2288 2642 2349 tamen

124 2391 501 2469 Augustum
552 2390 680 2454 diis
728 2389 991 2453 inferis:

439 2495 773 2578 Quidquid
820 2498 970 2578 eris,
1026 2534 1101 2541 —-
1153 2514 1302 2559 nam
1348 2500 1416 2559 te
1465 2513 1585 2560 nec
1635 2499 1906 2574 sperant
1953 2496 2241 2560 Tartara
2288 2515 2525 2579 regem,

438 2604 575 2666 Nec
621 2605 749 2665 tibi
795 2603 1125 2681 regnandi
1173 2604 1404 2665 veniat
1450 2606 1585 2665 tam
1636 2601 1783 2688 dira
1831 2601 2085 2683 cupid0,

439 2706 757 2787 Quamvis
805 2708 1073 2787 Elysios
1121 2711 1396 2772 miretur
1446 2708 1732 2771 Graecia
1780 2726 2034 2787 campos
2129 2776 2133 2782 ¹

438 2813 575 2874 Nec
622 2814 912 2889 repetita
961 2815 1147 2891 sequi
1197 2817 1386 2876 curat
1431 2813 1829 2890 Proserpina
1875 2814 2248 2897 matrem——

1941 2913 2077 2999 (Vv.
2132 2919 2408 2981 36—39.
2459 2916 2501 2981 l.
2552 2915 2637 3000 I.)

126 3040 512 3103 quamquam
588 3024 684 3086 ibi
756 3026 911 3086 sunt
985 3023 1206 3103 Elysii
1278 3023 1507 3103 campi,
1586 3021 1904 3085 celebrati
1954 3040 1994 3085 a
2043 3021 2317 3085 Graecis
2398 3025 2464 3084 et
2510 3025 2639 3101 ipsi

119 3129 559 3206 Proserpinae
608 3128 968 3206 placentes,

120 3234 326 3314 Quasi
374 3252 613 3296 numen
665 3252 851 3296 suum
897 3233 1189 3295 tutelare
1238 3235 1507 3295 invocat
1583 3237 1779 3311 poeta
1817 3233 2275 3315 Octavianum,
2328 3237 2401 3297 ut
2449 3253 2517 3297 se
2567 3236 2636 3296 in

121 3342 424 3417 suscepto
474 3356 669 3402 cursu
720 3340 1028 3402 carminis
1080 3338 1504 3415 componendi
1552 3341 1923 3401 comitetur:

433 3445 539 3506 Da
587 3443 851 3507 facilem
901 3461 1159 3506 cursum
1207 3445 1407 3525 atque
1455 3442 1815 3507 audacibus
1865 3444 2081 3507 adnue
2131 3447 2380 3522 coeptis

436 3540 850 3633 Ignarosque
894 3550 1048 3612 viae
1094 3564 1340 3610 mecum
1383 3550 1732 3611 miseratus
1783 3550 2067 3628 agrestis

430 3654 793 3733 Ingredere
843 3657 911 3716 et
957 3654 1131 3716 votis
1179 3654 1310 3716 iam
1357 3670 1531 3715 nunc
1580 3652 1898 3718 adsuesce
1948 3656 2192 3718 vocari.

1936 3757 2073 3843 (vv,
2123 3763 2402 3825 40—42.
2451 3759 2494 3825 1.
2544 3759 2629 3844 I.)

46 3858 48 3861 ’
112 3866 213 3929 Ex
252 3866 364 3953 ,his
414 3883 614 3944 supra
662 3864 861 3927 dictis
909 3864 1071 3928 locis
1121 3867 1400 3942 apparet
1447 3862 1736 3942 Vergilii
1783 3866 1853 3927 111
1919 3865 2295 3944 Augustum
2344 3867 2629 3928 animum

110 3973 320 4050 magis
369 3971 714 4053 magisque
777 3986 1094 4035 crescere.
1162 3971 1369 4032 Poeta
1434 3970 1725 4033 celebrat
1794 3971 2233 4035 Octavianum
2296 3975 2627 4055 tamquam

109 4075 544 4138 Romanorum
592 4074 782 4137 deum
844 4078 910 4137 et
955 4074 1126 4159 ἣρωσι
1190 4075 1524 4159 habetque
1588 4074 1759 4138 hanc
1823 4075 2072 4140 firmam
2112 4076 2304 4140 fidem
2349 4077 2627 4140 tutelam

110 4180 404 4260 Augusti
450 4180 761 4245 Romanis
811 4181 1170 4247 salutarem
1205 4181 1363 4247 fore.

319 4287 527 4368 Quam
572 4289 856 4352 locorum
906 4292 1140 4352 seriem
1190 4288 1764 4353 considerantibus
1799 4294 2077 4370 apparet
2106 4309 2362 4376 quoque
2390 4294 2623 4370 poetae

105 4395 467 4459 orationem
516 4412 658 4458 esse
707 4395 948 4459 elatam
998 4398 1066 4458 et
1111 4393 1250 4458 fere
1296 4393 1733 4476 magnificam.
1783 4396 1884 4460 De
1932 4416 2059 4485 quo
2105 4415 2351 4480 genere
2403 4397 2623 4461 dicen·
