2834 4557
1220 249 1630 303 *2.-

1391 453 1445 516 I.

373 697 746 776 Vergilium
793 714 997 772 usque
1048 696 1130 758 ad
1200 697 1384 760 XVI.
1460 717 1701 761 annum
1776 701 2020 763 aetatis
2092 716 2248 761 suae
2322 698 2675 762 Cremonae

159 806 411 867 vixisse
456 805 636 865 inter
681 819 897 863 omnes
942 800 1080 863 fere
1132 805 1392 865 constat
1441 821 1644 881 eoque
1693 822 1864 867 anno
1911 803 2023 886 (55
2074 822 2132 867 a.
2202 803 2315 868 Ch.
2367 802 2462 886 n.)
2510 821 2677 866 sum-

159 913 277 986 pta
322 912 482 986 toga
527 907 713 970 virili
760 906 1203 969 Mediolanum
1252 926 1320 970 se
1371 909 1728 972 contulisse
1778 913 1844 972 et
1891 910 2085 988 paulo
2133 913 2278 988 post
2311 909 2671 988 Neapolim.

159 1014 334 1078 Hinc
384 1031 435 1076 c.
489 1031 547 1076 a.
597 1016 677 1075 47
732 1029 789 1074 a.
841 1010 953 1075 Ch.
1005 1031 1068 1076 11.
1119 1015 1315 1090 poeta
1384 1013 1652 1076 Romam
1709 1017 1914 1098 venit,
1967 1017 2081 1080 ubi
2151 1015 2326 1095 apud
2395 1015 2676 1095 philoso-

159 1122 356 1200 phum
404 1120 806 1198 Epicureum
856 1118 1173 1196 Syronem
1222 1119 1447 1183 studia
1495 1138 1616 1183 sua
1676 1121 2130 1201 philosophiae
2204 1102 2543 1205 dedidiffl)
2592 1122 2672 1184 In

154 1227 402 1290 Donati
450 1226 594 1288 vita
641 1223 932 1287 Maronis
982 1221 1018 1306 ξ
1072 1229 1260 1288 7-8.
1309 1224 1430 1288 1106
1480 1223 1559 1287 (16
1607 1228 1896 1304 tempore
1942 1227 2221 1307 legimus
2269 1228 2452 1290 haec:
2500 1225 2671 1307 „Sed

157 1332 498 1410 Vergilius
580 1329 896 1391 Cremona
969 1329 1415 1391 Mediolanum
1490 1333 1557 1392 et
1621 1331 1777 1393 inde
1847 1333 2044 1409 paulo
2113 1336 2261 1410 post
2329 1332 2671 1409 Neapolim

152 1436 445 1499 transiit.
496 1433 627 1496 Ubi
677 1450 819 1495 611111
866 1433 1114 1495 litteris
1166 1436 1231 1495 et
1282 1433 1556 1497 Graecis
1605 1437 1671 1496 et
1721 1434 1985 1498 Latinis
2038 1436 2669 1498 vehementissimam

153 1559 413 1620 operam
462 1539 772 1619 dedisset,
823 1538 1090 1602 tandem
1160 1541 1333 1601 omni
1404 1557 1562 1602 cura
1609 1542 1911 1618 omnique
1959 1541 2175 1605 studio
2223 1541 2504 1604 indulsit
2543 1559 2669 1603 me-

154 1647 416 1710 dicinae
468 1647 533 1707 et
581 1643 1107 1707 mathematicae.
1160 1643 1411 1725 Quibus
1463 1645 1658 1707 rebus
1709 1661 1850 1707 cum
1898 1649 2053 1710 ante
2124 1647 2286 1710 alios
2351 1646 2671 1709 eruditior

152 1753 557 1830 peritiorque
607 1753 800 1829 esset,
853 1767 922 1811 se
969 1751 1040 1810 in
1091 1749 1333 1812 Urbem
1383 1750 1706 1811 contulit‘i
1756 1750 1919 1812 Inde
1970 1753 2266 1814 conicere
2329 1769 2665 1828 possumus

153 1856 524 1934 Vergilium
573 1873 646 1916 eo
693 1857 982 1931 tempore
1030 1853 1273 1915 Romae
1320 1853 1844 1917 familiaritatem
1891 1856 2214 1933 quandam
2262 1858 2667 1919 contraxisse

151 1981 294 2027 cum
326 1964 411 2023 iis
451 1960 834 2040 juvenibuS,
887 1960 999 2035 qui
1046 1962 1205 2020 tunc
1252 1959 1495 2021 Romae
1539 1959 1900 2022 studiorum
1948 1978 2146 2024 causa
2195 1961 2666 2024 commoraban-

148 2073 278 2130 tur.
329 2067 408 2128 In
449 2083 715 2141 quorum
752 2082 1017 2126 numero
1066 2062 1276 2127 fuisse
1333 2064 1600 2127 videtur
1647 2067 1846 2127 etiam
1894 2064 2230 2145 OctaviUS,
2283 2067 2394 2142 qui
2439 2068 2666 2143 postea

151 2173 563 2236 Octavianus
611 2169 956 2247 Augustus
1005 2171 1107 2230 est
1171 2170 1563 2245 appellatus,
1615 2169 1790 2251 (Cnf.
1842 2188 2008 2245 quae
2056 2169 2402 2233 adnotavit
2447 2170 2663 2232 Dona-

146 2282 254 2342 tus
303 2280 374 2340 in
425 2278 571 2340 vita
620 2274 908 2354 Vergilii
958 2272 994 2357 ξ
1059 2272 1365 2357 12—18.)
1417 2273 1573 2337 Cum
1637 2277 1856 2338 autem
1919 2276 2131 2337 minus
2198 2292 2508 2352 prospera
2548 2293 2662 2339 va-

145 2382 444 2446 letudine
494 2384 560 2443 et
608 2383 845 2443 innata
916 2378 1196 2455 quadam
1265 2378 1629 2441 timiditate
1679 2397 1718 2441 a
1767 2381 1910 2442 vita
1983 2378 2248 2455 publica
2314 2381 2660 2442 revocatus

146 2506 197 2551 6.
251 2506 308 2550 a.
359 2491 442 2548 45
494 2504 552 2548 a.
604 2485 718 2547 Ch.
770 2503 833 2547 11.
911 2486 981 2546 111
1046 2483 1389 2560 praedium
1457 2483 1793 2546 Andinum
1863 2483 2174 2546 rediisset
2240 2484 2443 2565 Maro,
2514 2503 2659 2548 con-

146 2592 304 2655 tulit
352 2609 422 2654 se
492 2607 638 2653 mox
711 2591 782 2651 in
856 2604 1087 2667 agrum
1153 2606 1338 2651 suum
1406 2590 1631 2666 ibique
1711 2591 2002 2652 carmina
2063 2591 2330 2652 minoris
2396 2592 2658 2669 generis

142 2699 490 2776 scripsisse
536 2694 883 2779 videtur2),
936 2713 1205 2772 quorum
1256 2694 1480 2776 Culex,
1534 2694 1728 2777 Copa,
1780 2695 2118 2777 Moretum,
2171 2713 2250 2758 ex
2299 2695 2657 2760 Catalectis

140 2808 208 2867 et
254 2804 557 2880 Priapeis
607 2800 927 2878 quaedam
974 2802 1105 2877 ipsi
1153 2803 1392 2877 poetae
1441 2803 1662 2863 nostro
1711 2801 1920 2863 tribui
1966 2819 2155 2879 posse
2202 2802 2532 2867 videntur.

351 2907 481 2972 Sed
527 2925 643 2969 nos
691 2924 867 2970 1111116
933 2908 1344 2983 inquiramus
1394 2908 1463 2967 111
1538 2904 1868 2978 Culicem,
1938 2908 2122 2970 cuius
2201 2912 2655 2987 argumentum

136 3034 277 3078 cum
327 3013 614 3091 Vergilii
663 3012 992 3074 Bucolicis
1042 3013 1209 3073 bene
1258 3012 1568 3074 convenit
1598 3013 1665 3071 et
1710 3014 1810 3072 est
1852 3029 2008 3074 vere
2047 3013 2396 3088 „iuvenilis
2429 3013 2646 3077 lusus“

136 3120 345 3182 nostri
393 3116 709 3199 poetae.3)

346 3311 384 3378 ¹)
425 3311 684 3362 Albertus
728 3306 1008 3373 Forbiger.
1047 3306 1377 3358 Dissertatio
1418 3304 1484 3357 de
1528 3304 1755 3371 Vergilii
1796 3304 1912 3356 vita
1949 3321 2075 3372 pag.
2113 3305 2173 3358 X.

342 3433 383 3502 2)
424 3431 543 3487 Cnf.
584 3432 783 3484 Donat.
822 3432 853 3497 ἓ
887 3428 1114 3482 28-29,

343 3555 385 3623 3)
425 3555 583 3622 Vide,
624 3571 767 3622 quae
805 3552 1098 3605 adnotavit
1134 3551 1409 3618 Siegfried
1443 3551 1685 3604 Lederer
1723 3552 1781 3603 in
1821 3551 2327 3604 commentatione:
2372 3556 2482 3604 »181
2518 3553 2649 3605 Ver-

128 3636 198 3702 gil
230 3634 328 3686 der
355 3634 646 3687 Verfasser
663 3649 775 3685 von
804 3630 1046 3700 „Culex“
1068 3630 1180 3681 und
1209 3629 1482 3694 „Ciris“‘?›
1524 3646 1648 3697 pag.
1688 3629 1772 3680 27:
1810 3629 1996 3695 Vergil
2032 3629 2253 3680 schrieb
2285 3629 2449 3681 einen
2480 3630 2652 3684 Culex

127 3729 389 3779 geraume
425 3713 545 3764 Zeit
581 3728 683 3764 vor
703 3712 811 3763 den
840 3712 1102 3775 Eclogen,
1143 3711 1289 3761 nach
1328 3710 1576 3761 Donatus
1615 3710 1753 3778 (vita
1792 3709 1857 3759 17
1901 3707 2033 3775 [28J)
2071 3706 2140 3758 16
2175 3709 2340 3760 Jahre
2377 3710 2467 3776 alt,
2505 3712 2651 3763 nach

128 3791 335 3843 Statius
376 3791 576 3859 (silvae
616 3792 665 3856 2,
707 3791 754 3857 7,
797 3789 886 3857 73)
923 3788 992 3839 26
1028 3789 1195 3840 Jahre
1234 3789 1327 3854 alt,
1368 3788 1490 3839 also
1554 3788 1631 3839 im
1691 3788 1857 3839 Jahre
1923 3786 2008 3837 54.
2076 3786 2212 3837 oder
2263 3787 2400 3855 (visas
2439 3788 2528 3839 ich
2565 3790 2651 3840 fiir

125 3868 671 3921 unwahrscheinlich
712 3866 888 3935 halte)
927 3867 1004 3919 im
1062 3866 1229 3919 Jahre
1268 3864 1354 3936 44.
1397 3867 1492 3920 Die
1530 3868 1678 3920 oben
1744 3866 2031 3934 gegebene
2092 3865 2338 3932 Analyse
2379 3865 2477 3918 der
2533 3883 2649 3919 me-

124 3948 367 3999 trischen
406 3947 1048 4014 Eigenthfimlichkeiten
1089 3945 1187 3997 des
1226 3961 1333 3997 uns
1382 3946 1709 3998 erhaltenen
1749 3944 1921 3998 Culex
1960 3943 2120 4011 zeigt,
2159 3943 2290 3995 dass
2330 3943 2507 3997 dieses
2545 3944 2651 3997 Ge-

123 4026 278 4078 dicbt
313 4026 440 4078 dem
479 4026 666 4093 Vergil
705 4026 1146 4094 zugeschrieben
1187 4025 1413 4077 werden
1451 4025 1619 4076 kann.
1661 4024 1777 4082 Αυε
1820 4023 1927 4080 del·
1966 4021 2196 4093 Juflend
2232 4021 2344 4080 des
2385 4022 2650 4083 Dichters

122 4105 331 4158 erklart
369 4104 488 4157 sich
531 4104 632 4158 das
672 4105 1059 4169 Schtllerhafte
1101 4109 1206 4157 etc.
1243 4104 1354 4157 Das
1403 4102 1642 4157 Gedicht
1678 4103 1829 4156 blieb
1892 4118 2091 4170 wegen
2150 4101 2250 4154 der
2287 4117 2522 4168 grossen
2556 4105 2648 4156 Ju-

123 4183 269 4248 gend
312 4183 412 4234 des
451 4183 788 4251 VerfasserS,
828 4183 1116 4235 vielleicht
1179 4184 1320 4234 auch
1383 4183 1512 4234 weil
1577 4182 1667 4233 die
1732 4183 1968 4233 inneren
2031 4182 2254 4248 Mangel
2292 4181 2382 4232 die
2421 4186 2650 4236 aussere

117 4259 632 4327 Formvollendung
672 4262 1010 4328 iibertrafen,
1043 4261 1214 4315 durch
1241 4261 1409 4314 Jahre
1448 4260 1636 4327 wenig
1678 4260 1941 4326 gekannt.
1979 4258 2061 4312 Da
2103 4275 2302 4326 errang
2339 4258 2524 4327 Vergil
2551 4260 2652 4315 mit

121 4339 230 4405 den
268 4340 512 4417 Eclogen
552 4341 722 4395 einen
769 4340 1274 4408 durohgreisenden
1319 4341 1522 4408 Erfolg.
1583 4340 1686 4395 Die
1748 4338 2088 4407 allgemeine
2142 4338 2652 4395 Aufmerksamkeit
