2834 4557
146 388 213 452 di
263 389 538 453 adnotat
585 390 747 454 haec
794 391 1201 453 Ribbeckius
1248 388 1559 472 (propriis
1609 391 1750 452 eius
1786 388 2006 450 verbis
2040 383 2333 469 utimur):
2373 386 2656 461 „Diesen

143 491 629 571 Huldigungen
674 495 823 572 gibt
871 493 987 557 der
1033 494 1313 557 Dichter
1359 494 1814 571 begeisterten
1860 490 2237 572 Ausdruck,
2289 489 2656 568 allerdings

102 598 230 680 „im
263 595 469 676 jenen
517 597 1001 676 vegotternden
1051 598 1198 678 Stil,
1263 599 1388 663 wie
1451 598 1569 662 ihn
1631 598 1738 662 die
1804 596 2432 663 alexandrinischen
2498 595 2657 659 Hof-

143 706 380 780 poeten
429 702 868 782 aufgebracht
914 703 1264 786 haben⁴÷22)
1312 702 1569 794 Quibus
1615 706 1687 766 in
1734 705 1928 767 rebus
1981 699 2385 782 exponendis
2421 719 2658 764 ornan-

145 809 377 893 disque
426 811 722 887 copiosus
772 812 873 873 est
919 813 1132 891 poeta,
1185 809 1300 873 sed
1347 809 1558 873 multo
1606 811 1904 874 ornatius
1976 811 2078 873 est
2149 806 2533 887 episodium,
2583 808 2653 869 in

146 933 272 997 quo
323 913 588 977 dicendi
637 915 905 979 ubertas
982 919 1049 979 et
1117 917 1492 980 sublimitas
1565 918 1985 995 perspicitur.
2058 912 2394 995 Prodigiis
2465 914 2656 993 enim,

144 1038 316 1102 quae
366 1019 434 1083 G.
482 1020 528 1082 J
532 1019 656 1082 ulii
705 1020 1009 1083 Caesaris
1059 1039 1283 1084 necem
1329 1020 1827 1101 portenderunt,
1879 1020 2188 1084 adiunxit
2253 1021 2451 1097 poeta
2496 1022 2655 1081 vota

143 1143 258 1203 pro
305 1124 611 1203 Augusto
660 1123 797 1207 (vv‚
848 1129 1218 1191 498—504.
1269 1127 1427 1189 libri
1473 1125 1558 1209 I.)
1607 1127 1732 1207 Ea,
1800 1143 1969 1204 quae
2034 1125 2140 1188 his
2197 1124 2502 1187 versibus
2566 1123 2658 1185 le-

143 1232 413 1309 guntur,
464 1213 715 1307 scripta
763 1248 905 1293 esse
957 1230 1269 1295 videntur
1314 1235 1459 1310 post
1507 1249 1564 1296 a.
1617 1236 1697 1293 36
1748 1249 1805 1295 a.
1857 1230 1971 1294 Ch.
2009 1249 2095 1311 n.,
2148 1247 2290 1293 cum
2337 1229 2657 1292 Romano-

148 1354 285 1397 rum
339 1335 541 1397 animi
608 1335 832 1397 multis
898 1336 1219 1415 prodigiis
1301 1338 1761 1415 turbarentur,
1812 1354 1963 1400 nam
2031 1337 2211 1399 inter
2279 1335 2661 1406 triumviros

143 1457 372 1517 parum
417 1439 606 1501 firma
654 1441 798 1501 erat
844 1438 1005 1503 fides
1055 1444 1123 1503 et
1170 1440 1366 1519 paulo
1413 1443 1580 1519 post·
1606 1458 1848 1519 graves
1896 1441 2293 1503 inimicitiae
2338 1442 2518 1502 inter
2567 1439 2654 1501 M.

140 1542 502 1606 Antonium
549 1545 616 1605 e't
664 1543 1103 1608 Octavianum
1172 1545 1256 1607 ad
1325 1544 1569 1607 bellum
1635 1548 1935 1622 spectare
1987 1544 2454 1625 coeperunt.23)
2502 1544 2657 1626 (Dio

142 1653 246 1711 48.
298 1646 496 1732 extr.)

142 1753 330 1833 Quae
379 1756 596 1819 omnia
642 1757 713 1819 in
772 1776 971 1820 unum
1042 1756 1295 1821 confert
1363 1760 1576 1837 poeta,
1650 1760 1724 1821 ut
1771 1757 2044 1837 gravior
2112 1758 2181 1819 et
2225 1756 2519 1819 severior
2565 1755 2655 1818 sit

143 1863 284 1925 eius
335 1864 690 1925 sententia.
740 1862 886 1925 Hac
935 1861 1013 1925 de
1058 1879 1258 1925 causa
1305 1865 1451 1925 orat
1499 1865 1696 1940 poeta
1752 1862 2048 1926 omnibus
2120 1860 2425 1939 precibus
2502 1858 2654 1922 deos

141 1965 558 2046 immortaleS,
610 1968 685 2030 ut
733 1966 1146 2031 Octavianus
1223 1968 1433 2045 possit
1503 1984 1725 2030 eorum
1795 1966 2047 2030 auxilio
2116 1983 2253 2029 rem
2324 1964 2655 2043 publicam

140 2088 372 2149 regere
421 2073 487 2133 et
532 2070 693 2133 belli
742 2070 960 2134 civilis
1010 2069 1263 2134 scelera
1306 2071 1606 2149 expiare:

454 2193 569 2257 Dii
615 2194 842 2275 patrii,
892 2193 1237 2273 Indigetes
1286 2197 1353 2257 et
1399 2194 1676 2258 Romule
1725 2193 2062 2279 Vestaque
2108 2196 2335 2271 mater,

458 2297 642 2379 Quae
690 2297 973 2362 Tuscum
1022 2299 1313 2363 Tiberim
1361 2302 1429 2362 et
1474 2299 1769 2383 Romana
1816 2300 2084 2364 Palatia
2130 2317 2377 2382 servaS,

457 2404 656 2470 Hunc
705 2406 937 2468 saltem
988 2424 1215 2469 everso
1262 2407 1569 2469 iuvenem
1617 2423 2003 2470 succurrere
2051 2404 2266 2470 saeclo

457 2511 554 2576 Ne
602 2512 962 2592 prohibite!

1957 2618 2030 2704 (v
2076 2623 2430 2683 498—-500
2478 2620 2521 2682 L
2572 2618 2656 2702 Ι)

351 2741 535 2804 Unus
607 2746 707 2805 est
779 2743 1041 2823 Caesar,
1121 2744 1238 2826 qui
1308 2744 1515 2820 possit
1585 2760 1968 2805 succurrere
2037 2742 2194 2806 huic
2262 2740 2656 2805 infelicitati

144 2847 525 2923 temporum.
575 2846 705 2911 Hic
753 2850 973 2925 potest
1043 2847 1310 2911 deorum
1373 2850 1508 2911 iras
1579 2849 1864 2928 placare.
1937 2848 2031 2910 At
2101 2852 2202 2910 est
2271 2850 2650 2928 verendum,

144 2970 228 3013 ne
274 2951 415 3029 ipse
467 2949 595 3015 diis
644 2971 766 3029 par
814 2954 882 3015 et
928 2972 1073 3016 mox
1119 2950 1388 3017 futurus
1439 2952 1603 3018 deus
1650 2954 1963 3018 Romanis
2013 2955 2360 3033 eripiatur.

353 3059 756 3138 Quamquam
804 3059 1092 3122 nondum
1147 3059 1679 3137 triumphaverat
1735 3060 2166 3140 Octavianus,
2234 3062 2337 3123 cui
2408 3061 2659 3125 demum

150 3163 348 3226 Sexto
396 3163 705 3242 Pompeio
755 3164 1017 3229 devicto
1067 3183 1124 3230 a.
1178 3170 1258 3228 36
1309 3184 1367 3229 a.
1420 3165 1534 3229 Ch.
1584 3184 1646 3229 n.
1700 3169 1802 3229 est
1851 3165 2118 3229 decreta
2159 3168 2402 3248 ovati0,
2439 3171 2658 3231 tamen

142 3271 402 3346 oportet
447 3288 594 3332 eum
641 3272 871 3333 vivere
920 3274 987 3334 et
1032 3274 1104 3335 in
1153 3289 1275 3335 sua
1321 3273 1468 3336 vita
1514 3272 1878 3350 triumphos
1931 3290 2161 3351 agere:

353 3516 418 3585 22)
462 3515 662 3568 Gesch.
704 3515 802 3568 der
838 3522 959 3568 rom
1016 3516 1188 3569 Dicht.
1228 3516 1439 3585 (Ribb.)
1477 3533 1603 3584 pag.
1639 3515 1726 3572 41.
1763 3516 1919 3569 Tom.
1957 3516 2022 3568 11.

352 3656 417 3725 23)
459 3656 577 3709 Cnf.
617 3657 804 3723 Borgii
844 3658 1059 3709 dissert.
1097 3657 1172 3708 De
1212 3656 1697 3723 temporibus„‚,
1766 3672 1893 3722 pag.
1952 3654 2034 3707 17.
2077 3656 2336 3708 Alienum
2377 3672 2489 3708 non
2531 3673 2658 3709 esse

142 3739 250 3790 hoc
287 3738 418 3789 loco
455 3736 674 3788 videtur
710 3737 831 3789 eius
868 3736 1043 3808 ipsius
1081 3735 1268 3790 verbis
1306 3735 1400 3789 uti:
1435 3736 1647 3799 Quodsi
1703 3735 2041 3803 quaerimus,
2080 3751 2189 3803 quo
2229 3745 2481 3802 tempore
2521 3736 2665 3789 11300

142 3817 310 3868 verba
354 3816 562 3882 scripta
597 3815 726 3882 sint,
764 3816 925 3883 ultre,
964 3816 1012 3868 si
1049 3833 1248 3868 versus
1287 3814 1392 3867 500
1430 3819 1485 3869 et
1517 3814 1622 3869 509
1659 3819 2002 3882 spectamus,
2041 3814 2098 3866 in
2136 3813 2333 3881 quibus
2370 3814 2505 3867 solis
2543 3832 2663 3868 cer-

144 3901 198 3946 ta
238 3894 436 3946 aetatis
476 3893 681 3945 iudicia
717 3894 905 3947 inesse
944 3894 1218 3960 videntur,
1258 3894 1329 3946 ad
1358 3899 1873 3962 tempora-pugnae
1936 3893 2197 3946 Actiacae
2263 3893 2667 3958 praecedentia

145 3973 485 4032 adducimur:
522 3972 631 4025 nisi
668 3971 765 4025 illo
804 3978 1055 4039 tempore
1096 3973 1246 4026 enim
1284 3976 1413 4040 post
1448 3989 1659 4025 annum
1700 3971 1819 4026 718.
1861 3972 1951 4040 (36
1988 3995 2037 4024 a.
2077 3970 2173 4025 Ch.
2213 3971 2290 4037 n.)
2319 3970 2662 4027 Octavianus

141 4070 256 4104 non
295 4052 641 4120 periclitatus
682 4056 780 4104 est.
817 4052 916 4103 1110
957 4056 1144 4104 autem
1183 4056 1438 4118 tempore
1478 4068 1646 4120 quum
1684 4053 1994 4119 Euphrates
2032 4051 2124 4104 vel
2161 4056 2355 4118 gentes
2420 4050 2662 4106 Orientis

144 4148 270 4183 cum
309 4132 610 4200 Cleopatra
646 4130 1011 4184 consociatae
1051 4132 1370 4197 movebant,
1410 4136 1526 4183 tum
1567 4131 1887 4194 Germania,
1927 4148 2059 4183 nam
2099 4131 2406 4185 verisimile
2446 4138 2534 4185 est
2569 4132 2665 4185 illo

141 4213 263 4278 ipso
303 4215 576 4279 tempore,
617 4228 726 4280 quo
766 4210 1107 4272 Octavianus
1146 4212 1215 4267 ab
1257 4211 1419 4273 ltalia
1455 4214 1666 4285 aberat,
1705 4211 1922 4271 Suevos
1977 4211 2237 4274 Rhenum
2277 4216 2663 4288 transgressos

144 4306 290 4357 esse?
