<?xml version="1.0" encoding="UTF-8"?>
<!DOCTYPE html PUBLIC "-//W3C//DTD XHTML 1.0 Transitional//EN"
    "http://www.w3.org/TR/xhtml1/DTD/xhtml1-transitional.dtd">
<html xmlns="http://www.w3.org/1999/xhtml" xml:lang="en" lang="en">
 <head>
  <title>
</title>
<meta http-equiv="Content-Type" content="text/html;charset=utf-8" />
  <meta name='ocr-system' content='tesseract 3.04.00' />
  <meta name='ocr-capabilities' content='ocr_page ocr_carea ocr_par ocr_line ocrx_word'/>
</head>
<body>
  <div class='ocr_page' id='page_1' title='image "./4770971_0009.png"; bbox 0 0 2834 4557; ppageno 0'>
   <div class='ocr_carea' id='block_1_1' title="bbox 327 909 2491 1177">
    <p class='ocr_par' dir='ltr' id='par_1_1' title="bbox 327 863 2491 1177">
     <span class='ocr_line' id='line_1_1' title="bbox 327 909 2491 1177; baseline 0 -59"><span class='ocrx_word' id='word_1_1' title='bbox 327 914 472 1118; x_wconf 78' lang='lat' dir='ltr'>[le</span> <span class='ocrx_word' id='word_1_2' title='bbox 586 911 1040 1177; x_wconf 74' lang='lat' dir='ltr'>Vergilii</span> <span class='ocrx_word' id='word_1_3' title='bbox 1162 910 1261 1114; x_wconf 84' lang='lat' dir='ltr'>in</span> <span class='ocrx_word' id='word_1_4' title='bbox 1381 911 1995 1176; x_wconf 71' lang='lat' dir='ltr'>Augustum</span> <span class='ocrx_word' id='word_1_5' title='bbox 2114 909 2491 1118; x_wconf 69' lang='lat' dir='ltr'>animo</span> 
     </span>
    </p>
   </div>
   <div class='ocr_carea' id='block_1_2' title="bbox 863 1415 2039 1503">
    <p class='ocr_par' dir='ltr' id='par_1_2' title="bbox 863 1415 2039 1503">
     <span class='ocr_line' id='line_1_2' title="bbox 863 1415 2039 1503; baseline -0.005 -2"><span class='ocrx_word' id='word_1_6' title='bbox 863 1416 1279 1503; x_wconf 74' lang='lat' dir='ltr'>Ladislaus</span> <span class='ocrx_word' id='word_1_7' title='bbox 1341 1415 1920 1502; x_wconf 79' lang='lat' dir='ltr'>Hreczkowski.</span> <span class='ocrx_word' id='word_1_8' title='bbox 2035 1424 2039 1431; x_wconf 84' lang='grc'><em>·</em></span> 
     </span>
    </p>
   </div>
   <div class='ocr_carea' id='block_1_3' title="bbox 1200 1626 1614 1641">
    <p class='ocr_par' dir='ltr' id='par_1_3' title="bbox 1200 1626 1614 1641">
     <span class='ocr_line' id='line_1_3' title="bbox 1200 1626 1614 1641; baseline 0 2916"><span class='ocrx_word' id='word_1_9' title='bbox 1200 1626 1614 1641; x_wconf 95' lang='lat' dir='ltr'> </span> 
     </span>
    </p>
   </div>
   <div class='ocr_carea' id='block_1_4' title="bbox 152 1748 2680 3303">
    <p class='ocr_par' dir='ltr' id='par_1_4' title="bbox 152 1748 2680 3303">
     <span class='ocr_line' id='line_1_4' title="bbox 364 1748 2663 1832; baseline -0 -18"><span class='ocrx_word' id='word_1_10' title='bbox 364 1752 729 1830; x_wconf 79' lang='lat' dir='ltr'>Scriptores</span> <span class='ocrx_word' id='word_1_11' title='bbox 779 1752 1058 1832; x_wconf 77' lang='lat' dir='ltr'>antiqui,</span> <span class='ocrx_word' id='word_1_12' title='bbox 1111 1752 1224 1827; x_wconf 90' lang='lat' dir='ltr'>qui</span> <span class='ocrx_word' id='word_1_13' title='bbox 1271 1751 1341 1814; x_wconf 91' lang='lat' dir='ltr'>P.</span> <span class='ocrx_word' id='word_1_14' title='bbox 1392 1750 1681 1829; x_wconf 78' lang='lat' dir='ltr'>Vergilii</span> <span class='ocrx_word' id='word_1_15' title='bbox 1745 1751 2037 1813; x_wconf 89' lang='lat' dir='ltr'>Maronis</span> <span class='ocrx_word' id='word_1_16' title='bbox 2108 1753 2502 1815; x_wconf 79' lang='lat' dir='ltr'>mentionem</span> <span class='ocrx_word' id='word_1_17' title='bbox 2567 1748 2663 1813; x_wconf 86' lang='lat' dir='ltr'>fa-</span> 
     </span>
     <span class='ocr_line' id='line_1_5' title="bbox 154 1854 2666 1938; baseline -0.001 -18"><span class='ocrx_word' id='word_1_18' title='bbox 154 1860 358 1938; x_wconf 93' lang='lat' dir='ltr'>ciunt,</span> <span class='ocrx_word' id='word_1_19' title='bbox 411 1876 540 1920; x_wconf 88' lang='lat' dir='ltr'>non</span> <span class='ocrx_word' id='word_1_20' title='bbox 587 1857 794 1920; x_wconf 89' lang='lat' dir='ltr'>multa</span> <span class='ocrx_word' id='word_1_21' title='bbox 841 1858 1028 1918; x_wconf 90' lang='lat' dir='ltr'>nobis</span> <span class='ocrx_word' id='word_1_22' title='bbox 1094 1856 1535 1935; x_wconf 89' lang='lat' dir='ltr'>tradiderunt,</span> <span class='ocrx_word' id='word_1_23' title='bbox 1587 1873 1754 1932; x_wconf 87' lang='lat' dir='ltr'>quae</span> <span class='ocrx_word' id='word_1_24' title='bbox 1826 1854 1909 1917; x_wconf 89' lang='lat' dir='ltr'>ad</span> <span class='ocrx_word' id='word_1_25' title='bbox 1981 1854 2468 1933; x_wconf 87' lang='lat' dir='ltr'>depingendum</span> <span class='ocrx_word' id='word_1_26' title='bbox 2513 1855 2666 1918; x_wconf 90' lang='lat' dir='ltr'>illu-</span> 
     </span>
     <span class='ocr_line' id='line_1_6' title="bbox 153 1959 2667 2038; baseline -0.001 -13"><span class='ocrx_word' id='word_1_27' title='bbox 153 1961 621 2038; x_wconf 91' lang='lat' dir='ltr'>strandumque</span> <span class='ocrx_word' id='word_1_28' title='bbox 665 1964 805 2024; x_wconf 91' lang='lat' dir='ltr'>eius</span> <span class='ocrx_word' id='word_1_29' title='bbox 846 1964 916 2024; x_wconf 94' lang='lat' dir='ltr'>in</span> <span class='ocrx_word' id='word_1_30' title='bbox 952 1962 1297 2025; x_wconf 83' lang='lat' dir='ltr'>Caesarem</span> <span class='ocrx_word' id='word_1_31' title='bbox 1331 1962 1769 2025; x_wconf 89' lang='lat' dir='ltr'>Octavianum</span> <span class='ocrx_word' id='word_1_32' title='bbox 1797 1959 2173 2038; x_wconf 90' lang='lat' dir='ltr'>Augustum</span> <span class='ocrx_word' id='word_1_33' title='bbox 2207 1961 2494 2022; x_wconf 88' lang='lat' dir='ltr'>animum</span> <span class='ocrx_word' id='word_1_34' title='bbox 2522 1978 2667 2037; x_wconf 92' lang='lat' dir='ltr'>per-</span> 
     </span>
     <span class='ocr_line' id='line_1_7' title="bbox 153 2064 2669 2144; baseline -0.001 -13"><span class='ocrx_word' id='word_1_35' title='bbox 153 2069 475 2131; x_wconf 79' lang='lat' dir='ltr'>tinerent..</span> <span class='ocrx_word' id='word_1_36' title='bbox 517 2066 745 2143; x_wconf 90' lang='lat' dir='ltr'>Neque</span> <span class='ocrx_word' id='word_1_37' title='bbox 795 2064 1148 2142; x_wconf 87' lang='lat' dir='ltr'>quidquam</span> <span class='ocrx_word' id='word_1_38' title='bbox 1198 2066 1478 2144; x_wconf 88' lang='lat' dir='ltr'>amplius</span> <span class='ocrx_word' id='word_1_39' title='bbox 1528 2067 1681 2129; x_wconf 87' lang='lat' dir='ltr'>aevi</span> <span class='ocrx_word' id='word_1_40' title='bbox 1727 2066 2116 2128; x_wconf 78' lang='lat' dir='ltr'>recentioris</span> <span class='ocrx_word' id='word_1_41' title='bbox 2175 2066 2307 2129; x_wconf 88' lang='lat' dir='ltr'>viri</span> <span class='ocrx_word' id='word_1_42' title='bbox 2376 2064 2554 2128; x_wconf 90' lang='lat' dir='ltr'>docti</span> <span class='ocrx_word' id='word_1_43' title='bbox 2601 2068 2669 2128; x_wconf 88' lang='lat' dir='ltr'>et</span> 
     </span>
     <span class='ocr_line' id='line_1_8' title="bbox 155 2168 2668 2254; baseline -0.001 -17"><span class='ocrx_word' id='word_1_44' title='bbox 155 2175 524 2254; x_wconf 83' lang='lat' dir='ltr'>scriptores,</span> <span class='ocrx_word' id='word_1_45' title='bbox 578 2175 690 2250; x_wconf 92' lang='lat' dir='ltr'>qui</span> <span class='ocrx_word' id='word_1_46' title='bbox 737 2174 809 2234; x_wconf 92' lang='lat' dir='ltr'>in</span> <span class='ocrx_word' id='word_1_47' title='bbox 858 2172 1147 2251; x_wconf 84' lang='lat' dir='ltr'>Vergilii</span> <span class='ocrx_word' id='word_1_48' title='bbox 1194 2174 1340 2236; x_wconf 88' lang='lat' dir='ltr'>vita</span> <span class='ocrx_word' id='word_1_49' title='bbox 1386 2173 1822 2251; x_wconf 80' lang='lat' dir='ltr'>operibusque</span> <span class='ocrx_word' id='word_1_50' title='bbox 1870 2174 2011 2234; x_wconf 87' lang='lat' dir='ltr'>eius</span> <span class='ocrx_word' id='word_1_51' title='bbox 2062 2168 2485 2235; x_wconf 85' lang='lat' dir='ltr'>illustrandis</span> <span class='ocrx_word' id='word_1_52' title='bbox 2518 2189 2668 2249; x_wconf 90' lang='lat' dir='ltr'>ope·</span> 
     </span>
     <span class='ocr_line' id='line_1_9' title="bbox 152 2275 2669 2359; baseline -0.002 -17"><span class='ocrx_word' id='word_1_53' title='bbox 152 2297 292 2342; x_wconf 89' lang='lat' dir='ltr'>ram</span> <span class='ocrx_word' id='word_1_54' title='bbox 340 2278 846 2359; x_wconf 87' lang='lat' dir='ltr'>collocaverunt,</span> <span class='ocrx_word' id='word_1_55' title='bbox 899 2275 978 2339; x_wconf 90' lang='lat' dir='ltr'>de</span> <span class='ocrx_word' id='word_1_56' title='bbox 1020 2276 1145 2340; x_wconf 91' lang='lat' dir='ltr'>hac</span> <span class='ocrx_word' id='word_1_57' title='bbox 1194 2279 1580 2355; x_wconf 89' lang='lat' dir='ltr'>quaestione</span> <span class='ocrx_word' id='word_1_58' title='bbox 1628 2280 2129 2354; x_wconf 89' lang='lat' dir='ltr'>composuerunt</span> <span class='ocrx_word' id='word_1_59' title='bbox 2153 2275 2497 2354; x_wconf 86' lang='lat' dir='ltr'>fusiusque</span> <span class='ocrx_word' id='word_1_60' title='bbox 2538 2276 2669 2339; x_wconf 90' lang='lat' dir='ltr'>dis-</span> 
     </span>
     <span class='ocr_line' id='line_1_10' title="bbox 155 2382 2672 2463; baseline -0.001 -17"><span class='ocrx_word' id='word_1_61' title='bbox 155 2387 578 2461; x_wconf 85' lang='lat' dir='ltr'>putaverunt.</span> <span class='ocrx_word' id='word_1_62' title='bbox 630 2382 1033 2462; x_wconf 80' lang='lat' dir='ltr'>Quicumque</span> <span class='ocrx_word' id='word_1_63' title='bbox 1065 2385 1286 2444; x_wconf 89' lang='lat' dir='ltr'>tamen</span> <span class='ocrx_word' id='word_1_64' title='bbox 1319 2383 1610 2445; x_wconf 87' lang='lat' dir='ltr'>Maronis</span> <span class='ocrx_word' id='word_1_65' title='bbox 1659 2400 1858 2461; x_wconf 89' lang='lat' dir='ltr'>opera</span> <span class='ocrx_word' id='word_1_66' title='bbox 1904 2382 2285 2463; x_wconf 84' lang='lat' dir='ltr'>perlegerit,</span> <span class='ocrx_word' id='word_1_67' title='bbox 2335 2400 2464 2445; x_wconf 90' lang='lat' dir='ltr'>non</span> <span class='ocrx_word' id='word_1_68' title='bbox 2493 2385 2672 2460; x_wconf 86' lang='lat' dir='ltr'>pote-</span> 
     </span>
     <span class='ocr_line' id='line_1_11' title="bbox 160 2486 2673 2566; baseline -0.001 -15"><span class='ocrx_word' id='word_1_69' title='bbox 160 2491 254 2551; x_wconf 87' lang='lat' dir='ltr'>rit</span> <span class='ocrx_word' id='word_1_70' title='bbox 299 2506 429 2550; x_wconf 91' lang='lat' dir='ltr'>non</span> <span class='ocrx_word' id='word_1_71' title='bbox 478 2488 894 2566; x_wconf 89' lang='lat' dir='ltr'>comprobare</span> <span class='ocrx_word' id='word_1_72' title='bbox 926 2489 1184 2566; x_wconf 89' lang='lat' dir='ltr'>poetam</span> <span class='ocrx_word' id='word_1_73' title='bbox 1223 2489 1295 2549; x_wconf 91' lang='lat' dir='ltr'>in</span> <span class='ocrx_word' id='word_1_74' title='bbox 1325 2487 1462 2550; x_wconf 90' lang='lat' dir='ltr'>illis</span> <span class='ocrx_word' id='word_1_75' title='bbox 1497 2488 2091 2566; x_wconf 85' lang='lat' dir='ltr'>praestantissimis</span> <span class='ocrx_word' id='word_1_76' title='bbox 2126 2487 2432 2565; x_wconf 88' lang='lat' dir='ltr'>operibus</span> <span class='ocrx_word' id='word_1_77' title='bbox 2465 2486 2673 2550; x_wconf 89' lang='lat' dir='ltr'>multa</span> 
     </span>
     <span class='ocr_line' id='line_1_12' title="bbox 161 2591 2672 2674; baseline -0.001 -17"><span class='ocrx_word' id='word_1_78' title='bbox 161 2595 264 2657; x_wconf 91' lang='lat' dir='ltr'>sui</span> <span class='ocrx_word' id='word_1_79' title='bbox 310 2594 381 2656; x_wconf 90' lang='lat' dir='ltr'>in</span> <span class='ocrx_word' id='word_1_80' title='bbox 427 2591 804 2671; x_wconf 90' lang='lat' dir='ltr'>Augustum</span> <span class='ocrx_word' id='word_1_81' title='bbox 853 2593 1057 2655; x_wconf 91' lang='lat' dir='ltr'>animi</span> <span class='ocrx_word' id='word_1_82' title='bbox 1123 2593 1512 2670; x_wconf 86' lang='lat' dir='ltr'>ingeniique</span> <span class='ocrx_word' id='word_1_83' title='bbox 1562 2594 1880 2670; x_wconf 88' lang='lat' dir='ltr'>pressisse</span> <span class='ocrx_word' id='word_1_84' title='bbox 1926 2594 2239 2674; x_wconf 88' lang='lat' dir='ltr'>vestigia,</span> <span class='ocrx_word' id='word_1_85' title='bbox 2307 2611 2388 2655; x_wconf 84' lang='lat' dir='ltr'>ex</span> <span class='ocrx_word' id='word_1_86' title='bbox 2435 2592 2672 2669; x_wconf 87' lang='lat' dir='ltr'>quibus</span> 
     </span>
     <span class='ocr_line' id='line_1_13' title="bbox 163 2694 2675 2777; baseline 0 -18"><span class='ocrx_word' id='word_1_87' title='bbox 163 2694 441 2774; x_wconf 90' lang='lat' dir='ltr'>apparet</span> <span class='ocrx_word' id='word_1_88' title='bbox 487 2701 745 2774; x_wconf 92' lang='lat' dir='ltr'>poetam</span> <span class='ocrx_word' id='word_1_89' title='bbox 792 2715 1053 2775; x_wconf 90' lang='lat' dir='ltr'>operam</span> <span class='ocrx_word' id='word_1_90' title='bbox 1099 2714 1402 2777; x_wconf 91' lang='lat' dir='ltr'>navasse,</span> <span class='ocrx_word' id='word_1_91' title='bbox 1439 2700 1514 2759; x_wconf 92' lang='lat' dir='ltr'>ut</span> <span class='ocrx_word' id='word_1_92' title='bbox 1545 2715 1675 2759; x_wconf 92' lang='lat' dir='ltr'>non</span> <span class='ocrx_word' id='word_1_93' title='bbox 1725 2697 1928 2759; x_wconf 91' lang='lat' dir='ltr'>solum</span> <span class='ocrx_word' id='word_1_94' title='bbox 1971 2698 2347 2775; x_wconf 73' lang='lat' dir='ltr'>compositio</span> <span class='ocrx_word' id='word_1_95' title='bbox 2379 2696 2675 2777; x_wconf 83' lang='lat' dir='ltr'>grandiS,</span> 
     </span>
     <span class='ocr_line' id='line_1_14' title="bbox 160 2801 2673 2884; baseline 0.002 -21"><span class='ocrx_word' id='word_1_96' title='bbox 160 2801 274 2864; x_wconf 89' lang='lat' dir='ltr'>sed</span> <span class='ocrx_word' id='word_1_97' title='bbox 322 2802 521 2864; x_wconf 91' lang='lat' dir='ltr'>etiam</span> <span class='ocrx_word' id='word_1_98' title='bbox 567 2801 888 2882; x_wconf 82' lang='lat' dir='ltr'>AugustO,</span> <span class='ocrx_word' id='word_1_99' title='bbox 961 2804 1167 2880; x_wconf 90' lang='lat' dir='ltr'>primo</span> <span class='ocrx_word' id='word_1_100' title='bbox 1234 2802 1668 2865; x_wconf 87' lang='lat' dir='ltr'>Romanorum</span> <span class='ocrx_word' id='word_1_101' title='bbox 1739 2803 2152 2884; x_wconf 86' lang='lat' dir='ltr'>imperatore,</span> <span class='ocrx_word' id='word_1_102' title='bbox 2225 2802 2431 2882; x_wconf 87' lang='lat' dir='ltr'>digna</span> <span class='ocrx_word' id='word_1_103' title='bbox 2479 2806 2673 2869; x_wconf 84' lang='lat' dir='ltr'>esset.</span> 
     </span>
     <span class='ocr_line' id='line_1_15' title="bbox 158 2906 2676 2988; baseline 0.002 -20"><span class='ocrx_word' id='word_1_104' title='bbox 158 2906 251 2969; x_wconf 92' lang='lat' dir='ltr'>At</span> <span class='ocrx_word' id='word_1_105' title='bbox 299 2906 638 2985; x_wconf 90' lang='lat' dir='ltr'>Vergilius</span> <span class='ocrx_word' id='word_1_106' title='bbox 687 2909 788 2970; x_wconf 91' lang='lat' dir='ltr'>est</span> <span class='ocrx_word' id='word_1_107' title='bbox 834 2908 893 2971; x_wconf 92' lang='lat' dir='ltr'>is</span> <span class='ocrx_word' id='word_1_108' title='bbox 951 2907 1385 2970; x_wconf 88' lang='lat' dir='ltr'>Romanorum</span> <span class='ocrx_word' id='word_1_109' title='bbox 1461 2908 1760 2988; x_wconf 87' lang='lat' dir='ltr'>scriptor,</span> <span class='ocrx_word' id='word_1_110' title='bbox 1828 2909 1941 2984; x_wconf 91' lang='lat' dir='ltr'>qui</span> <span class='ocrx_word' id='word_1_111' title='bbox 2015 2925 2404 2985; x_wconf 89' lang='lat' dir='ltr'>quamquam</span> <span class='ocrx_word' id='word_1_112' title='bbox 2469 2907 2676 2986; x_wconf 90' lang='lat' dir='ltr'>pluri-</span> 
     </span>
     <span class='ocr_line' id='line_1_16' title="bbox 159 3012 2675 3099; baseline 0.002 -25"><span class='ocrx_word' id='word_1_113' title='bbox 159 3031 402 3074; x_wconf 90' lang='lat' dir='ltr'>morum</span> <span class='ocrx_word' id='word_1_114' title='bbox 450 3015 753 3089; x_wconf 89' lang='lat' dir='ltr'>omnique</span> <span class='ocrx_word' id='word_1_115' title='bbox 818 3013 1015 3075; x_wconf 90' lang='lat' dir='ltr'>laude</span> <span class='ocrx_word' id='word_1_116' title='bbox 1084 3013 1456 3076; x_wconf 89' lang='lat' dir='ltr'>florentium</span> <span class='ocrx_word' id='word_1_117' title='bbox 1525 3014 1814 3099; x_wconf 88' lang='lat' dir='ltr'>virorum</span> <span class='ocrx_word' id='word_1_118' title='bbox 1883 3012 2107 3076; x_wconf 91' lang='lat' dir='ltr'>studia</span> <span class='ocrx_word' id='word_1_119' title='bbox 2175 3016 2277 3075; x_wconf 89' lang='lat' dir='ltr'>est</span> <span class='ocrx_word' id='word_1_120' title='bbox 2345 3018 2675 3095; x_wconf 84' lang='lat' dir='ltr'>expertuS,</span> 
     </span>
     <span class='ocr_line' id='line_1_17' title="bbox 160 3113 2679 3196; baseline 0.001 -17"><span class='ocrx_word' id='word_1_121' title='bbox 160 3120 382 3181; x_wconf 91' lang='lat' dir='ltr'>tamen</span> <span class='ocrx_word' id='word_1_122' title='bbox 428 3113 686 3180; x_wconf 88' lang='lat' dir='ltr'>tantam</span> <span class='ocrx_word' id='word_1_123' title='bbox 732 3118 1052 3196; x_wconf 89' lang='lat' dir='ltr'>praebeat</span> <span class='ocrx_word' id='word_1_124' title='bbox 1103 3118 1304 3181; x_wconf 90' lang='lat' dir='ltr'>etiam</span> <span class='ocrx_word' id='word_1_125' title='bbox 1353 3116 1567 3180; x_wconf 91' lang='lat' dir='ltr'>adhuc</span> <span class='ocrx_word' id='word_1_126' title='bbox 1615 3117 1699 3180; x_wconf 91' lang='lat' dir='ltr'>ad</span> <span class='ocrx_word' id='word_1_127' title='bbox 1746 3117 2195 3182; x_wconf 89' lang='lat' dir='ltr'>meditandum</span> <span class='ocrx_word' id='word_1_128' title='bbox 2242 3122 2679 3183; x_wconf 89' lang='lat' dir='ltr'>commentan-</span> 
     </span>
     <span class='ocr_line' id='line_1_18' title="bbox 163 3222 2680 3303; baseline 0.001 -18"><span class='ocrx_word' id='word_1_129' title='bbox 163 3222 440 3300; x_wconf 90' lang='lat' dir='ltr'>dumque</span> <span class='ocrx_word' id='word_1_130' title='bbox 480 3224 843 3303; x_wconf 89' lang='lat' dir='ltr'>materiam,</span> <span class='ocrx_word' id='word_1_131' title='bbox 897 3225 970 3286; x_wconf 92' lang='lat' dir='ltr'>ut</span> <span class='ocrx_word' id='word_1_132' title='bbox 1016 3224 1309 3287; x_wconf 88' lang='lat' dir='ltr'>homines</span> <span class='ocrx_word' id='word_1_133' title='bbox 1359 3225 1427 3286; x_wconf 89' lang='lat' dir='ltr'>et</span> <span class='ocrx_word' id='word_1_134' title='bbox 1493 3224 1764 3303; x_wconf 90' lang='lat' dir='ltr'>ingenio</span> <span class='ocrx_word' id='word_1_135' title='bbox 1813 3226 1880 3285; x_wconf 92' lang='lat' dir='ltr'>et</span> <span class='ocrx_word' id='word_1_136' title='bbox 1928 3223 2229 3287; x_wconf 89' lang='lat' dir='ltr'>doctrina</span> <span class='ocrx_word' id='word_1_137' title='bbox 2274 3223 2564 3302; x_wconf 88' lang='lat' dir='ltr'>praediti</span> <span class='ocrx_word' id='word_1_138' title='bbox 2610 3227 2680 3288; x_wconf 91' lang='lat' dir='ltr'>et</span> 
     </span>
    </p>
   </div>
   <div class='ocr_carea' id='block_1_5' title="bbox 41 3326 2677 3411">
    <p class='ocr_par' dir='ltr' id='par_1_5' title="bbox 41 3326 2677 3411">
     <span class='ocr_line' id='line_1_19' title="bbox 41 3326 2677 3411; baseline 0.001 -20"><span class='ocrx_word' id='word_1_139' title='bbox 41 3342 90 3405; x_wconf 76' lang='lat'>·,</span> <span class='ocrx_word' id='word_1_140' title='bbox 162 3326 597 3409; x_wconf 82' lang='lat' dir='ltr'>abundanteS,</span> <span class='ocrx_word' id='word_1_141' title='bbox 650 3328 708 3391; x_wconf 92' lang='lat' dir='ltr'>si</span> <span class='ocrx_word' id='word_1_142' title='bbox 752 3329 958 3391; x_wconf 92' lang='lat' dir='ltr'>totam</span> <span class='ocrx_word' id='word_1_143' title='bbox 1007 3331 1294 3393; x_wconf 89' lang='lat' dir='ltr'>aetatem</span> <span class='ocrx_word' id='word_1_144' title='bbox 1348 3330 1419 3392; x_wconf 93' lang='lat' dir='ltr'>in</span> <span class='ocrx_word' id='word_1_145' title='bbox 1467 3347 1595 3392; x_wconf 93' lang='lat' dir='ltr'>uno</span> <span class='ocrx_word' id='word_1_146' title='bbox 1668 3329 1789 3392; x_wconf 92' lang='lat' dir='ltr'>hoc</span> <span class='ocrx_word' id='word_1_147' title='bbox 1867 3331 2188 3407; x_wconf 87' lang='lat' dir='ltr'>scriptore</span> <span class='ocrx_word' id='word_1_148' title='bbox 2254 3329 2677 3411; x_wconf 88' lang='lat' dir='ltr'>emendando,</span> 
     </span>
    </p>
   </div>
   <div class='ocr_carea' id='block_1_6' title="bbox 162 3433 2689 4365">
    <p class='ocr_par' dir='ltr' id='par_1_6' title="bbox 162 3433 2678 3618">
     <span class='ocr_line' id='line_1_20' title="bbox 162 3433 2678 3517; baseline 0 -21"><span class='ocrx_word' id='word_1_149' title='bbox 162 3433 570 3515; x_wconf 84' lang='lat' dir='ltr'>explicandO,</span> <span class='ocrx_word' id='word_1_150' title='bbox 619 3434 1016 3497; x_wconf 90' lang='lat' dir='ltr'>illustrando</span> <span class='ocrx_word' id='word_1_151' title='bbox 1066 3437 1524 3517; x_wconf 87' lang='lat' dir='ltr'>contriverint,</span> <span class='ocrx_word' id='word_1_152' title='bbox 1574 3452 1717 3498; x_wconf 88' lang='lat' dir='ltr'>rem</span> <span class='ocrx_word' id='word_1_153' title='bbox 1746 3437 1862 3499; x_wconf 84' lang='lat' dir='ltr'>vix</span> <span class='ocrx_word' id='word_1_154' title='bbox 1908 3437 2164 3514; x_wconf 90' lang='lat' dir='ltr'>possint</span> <span class='ocrx_word' id='word_1_155' title='bbox 2210 3435 2535 3500; x_wconf 86' lang='lat' dir='ltr'>adducere</span> <span class='ocrx_word' id='word_1_156' title='bbox 2584 3452 2678 3517; x_wconf 92' lang='lat' dir='ltr'>eo,</span> 
     </span>
     <span class='ocr_line' id='line_1_21' title="bbox 165 3541 797 3618; baseline 0.003 -17"><span class='ocrx_word' id='word_1_157' title='bbox 165 3556 288 3615; x_wconf 89' lang='lat' dir='ltr'>quo</span> <span class='ocrx_word' id='word_1_158' title='bbox 339 3541 632 3618; x_wconf 90' lang='lat' dir='ltr'>cupiant.</span> <span class='ocrx_word' id='word_1_159' title='bbox 794 3552 797 3554; x_wconf 72' lang='grc'><strong><em>’</em></strong></span> 
     </span>
    </p>

    <p class='ocr_par' dir='ltr' id='par_1_7' title="bbox 163 3644 2689 4365">
     <span class='ocr_line' id='line_1_22' title="bbox 370 3644 2683 3735; baseline 0.001 -28"><span class='ocrx_word' id='word_1_160' title='bbox 370 3644 503 3707; x_wconf 93' lang='lat' dir='ltr'>Nos</span> <span class='ocrx_word' id='word_1_161' title='bbox 552 3647 770 3708; x_wconf 92' lang='lat' dir='ltr'>autem</span> <span class='ocrx_word' id='word_1_162' title='bbox 833 3647 1213 3710; x_wconf 83' lang='lat' dir='ltr'>conabimur</span> <span class='ocrx_word' id='word_1_163' title='bbox 1284 3665 1486 3735; x_wconf 88' lang='lat' dir='ltr'>supra</span> <span class='ocrx_word' id='word_1_164' title='bbox 1554 3645 1798 3711; x_wconf 87' lang='lat' dir='ltr'>dictam</span> <span class='ocrx_word' id='word_1_165' title='bbox 1872 3649 2321 3725; x_wconf 89' lang='lat' dir='ltr'>quaestionem</span> <span class='ocrx_word' id='word_1_166' title='bbox 2388 3649 2683 3712; x_wconf 88' lang='lat' dir='ltr'>tractare</span> 
     </span>
     <span class='ocr_line' id='line_1_23' title="bbox 164 3752 2686 3833; baseline 0.002 -20"><span class='ocrx_word' id='word_1_167' title='bbox 164 3752 365 3827; x_wconf 87' lang='lat' dir='ltr'>atque</span> <span class='ocrx_word' id='word_1_168' title='bbox 410 3753 859 3816; x_wconf 90' lang='lat' dir='ltr'>necessarium</span> <span class='ocrx_word' id='word_1_169' title='bbox 904 3752 1198 3832; x_wconf 88' lang='lat' dir='ltr'>ducimus</span> <span class='ocrx_word' id='word_1_170' title='bbox 1247 3755 1320 3817; x_wconf 90' lang='grc'>111</span> <span class='ocrx_word' id='word_1_171' title='bbox 1367 3754 1483 3818; x_wconf 90' lang='lat' dir='ltr'>hos</span> <span class='ocrx_word' id='word_1_172' title='bbox 1543 3771 1763 3818; x_wconf 91' lang='lat' dir='ltr'>omnes</span> <span class='ocrx_word' id='word_1_173' title='bbox 1831 3753 2115 3833; x_wconf 91' lang='lat' dir='ltr'>Vergilii</span> <span class='ocrx_word' id='word_1_174' title='bbox 2183 3756 2549 3832; x_wconf 86' lang='lat' dir='ltr'>poematum</span> <span class='ocrx_word' id='word_1_175' title='bbox 2594 3753 2686 3817; x_wconf 93' lang='lat' dir='ltr'>lo-</span> 
     </span>
     <span class='ocr_line' id='line_1_24' title="bbox 164 3857 2687 3941; baseline 0.002 -22"><span class='ocrx_word' id='word_1_176' title='bbox 164 3873 289 3938; x_wconf 74' lang='grc'>005,</span> <span class='ocrx_word' id='word_1_177' title='bbox 322 3858 435 3936; x_wconf 92' lang='lat' dir='ltr'>qui</span> <span class='ocrx_word' id='word_1_178' title='bbox 464 3857 549 3921; x_wconf 90' lang='lat' dir='ltr'>ad</span> <span class='ocrx_word' id='word_1_179' title='bbox 578 3857 1018 3924; x_wconf 89' lang='lat' dir='ltr'>Octavianum</span> <span class='ocrx_word' id='word_1_180' title='bbox 1049 3859 1427 3941; x_wconf 90' lang='lat' dir='ltr'>Augustum</span> <span class='ocrx_word' id='word_1_181' title='bbox 1460 3863 1786 3941; x_wconf 88' lang='lat' dir='ltr'>spectant,</span> <span class='ocrx_word' id='word_1_182' title='bbox 1816 3861 2154 3940; x_wconf 89' lang='lat' dir='ltr'>inquirere</span> <span class='ocrx_word' id='word_1_183' title='bbox 2188 3877 2427 3941; x_wconf 86' lang='lat' dir='ltr'>eosque</span> <span class='ocrx_word' id='word_1_184' title='bbox 2457 3861 2531 3924; x_wconf 90' lang='lat' dir='ltr'>in</span> <span class='ocrx_word' id='word_1_185' title='bbox 2559 3859 2687 3925; x_wconf 82' lang='lat' dir='ltr'>hac</span> 
     </span>
     <span class='ocr_line' id='line_1_25' title="bbox 164 3959 2689 4047; baseline 0.004 -24"><span class='ocrx_word' id='word_1_186' title='bbox 164 3959 743 4039; x_wconf 88' lang='lat' dir='ltr'>disputatiuncula</span> <span class='ocrx_word' id='word_1_187' title='bbox 823 3962 1087 4029; x_wconf 86' lang='lat' dir='ltr'>afferre.</span> <span class='ocrx_word' id='word_1_188' title='bbox 1138 3965 1453 4044; x_wconf 90' lang='lat' dir='ltr'>Optinum</span> <span class='ocrx_word' id='word_1_189' title='bbox 1500 3966 1702 4028; x_wconf 87' lang='lat' dir='ltr'>etiam</span> <span class='ocrx_word' id='word_1_190' title='bbox 1749 3965 2016 4029; x_wconf 89' lang='lat' dir='ltr'>videtur</span> <span class='ocrx_word' id='word_1_191' title='bbox 2060 3968 2249 4030; x_wconf 89' lang='lat' dir='ltr'>nobis</span> <span class='ocrx_word' id='word_1_192' title='bbox 2325 3969 2689 4047; x_wconf 85' lang='lat' dir='ltr'>perspicui-</span> 
     </span>
     <span class='ocr_line' id='line_1_26' title="bbox 163 4067 2688 4156; baseline 0.004 -28"><span class='ocrx_word' id='word_1_193' title='bbox 163 4067 327 4129; x_wconf 89' lang='lat' dir='ltr'>tatis</span> <span class='ocrx_word' id='word_1_194' title='bbox 385 4085 586 4131; x_wconf 89' lang='lat' dir='ltr'>causa</span> <span class='ocrx_word' id='word_1_195' title='bbox 640 4069 862 4132; x_wconf 91' lang='lat' dir='ltr'>eodem</span> <span class='ocrx_word' id='word_1_196' title='bbox 938 4070 1186 4153; x_wconf 91' lang='lat' dir='ltr'>ordine,</span> <span class='ocrx_word' id='word_1_197' title='bbox 1255 4088 1378 4149; x_wconf 92' lang='lat' dir='ltr'>quo</span> <span class='ocrx_word' id='word_1_198' title='bbox 1424 4088 1601 4135; x_wconf 92' lang='lat' dir='ltr'>nunc</span> <span class='ocrx_word' id='word_1_199' title='bbox 1678 4070 2000 4151; x_wconf 92' lang='lat' dir='ltr'>disposita</span> <span class='ocrx_word' id='word_1_200' title='bbox 2076 4089 2277 4151; x_wconf 86' lang='lat' dir='ltr'>opera</span> <span class='ocrx_word' id='word_1_201' title='bbox 2351 4072 2688 4156; x_wconf 80' lang='lat' dir='ltr'>habemuS,</span> 
     </span>
     <span class='ocr_line' id='line_1_27' title="bbox 166 4171 2689 4261; baseline 0.004 -27"><span class='ocrx_word' id='word_1_202' title='bbox 166 4171 691 4254; x_wconf 89' lang='lat' dir='ltr'>chronologicum</span> <span class='ocrx_word' id='word_1_203' title='bbox 739 4194 928 4254; x_wconf 92' lang='lat' dir='ltr'>quem</span> <span class='ocrx_word' id='word_1_204' title='bbox 991 4176 1242 4259; x_wconf 88' lang='lat' dir='ltr'>dicunt,</span> <span class='ocrx_word' id='word_1_205' title='bbox 1300 4178 1707 4256; x_wconf 89' lang='lat' dir='ltr'>perlustrare</span> <span class='ocrx_word' id='word_1_206' title='bbox 1757 4197 1835 4243; x_wconf 90' lang='lat' dir='ltr'>ac</span> <span class='ocrx_word' id='word_1_207' title='bbox 1883 4177 2143 4261; x_wconf 89' lang='lat' dir='ltr'>deinde,</span> <span class='ocrx_word' id='word_1_208' title='bbox 2197 4178 2356 4258; x_wconf 88' lang='lat' dir='ltr'>quid</span> <span class='ocrx_word' id='word_1_209' title='bbox 2427 4199 2509 4244; x_wconf 86' lang='lat' dir='ltr'>ex</span> <span class='ocrx_word' id='word_1_210' title='bbox 2557 4183 2689 4245; x_wconf 89' lang='lat' dir='ltr'>sin-</span> 
     </span>
     <span class='ocr_line' id='line_1_28' title="bbox 169 4276 2140 4365; baseline 0.006 -26"><span class='ocrx_word' id='word_1_211' title='bbox 169 4276 346 4355; x_wconf 92' lang='lat' dir='ltr'>gul-is</span> <span class='ocrx_word' id='word_1_212' title='bbox 393 4279 556 4344; x_wconf 91' lang='lat' dir='ltr'>locis</span> <span class='ocrx_word' id='word_1_213' title='bbox 610 4284 947 4365; x_wconf 88' lang='lat' dir='ltr'>sequatur,</span> <span class='ocrx_word' id='word_1_214' title='bbox 998 4285 1366 4347; x_wconf 91' lang='lat' dir='ltr'>summatim</span> <span class='ocrx_word' id='word_1_215' title='bbox 1410 4282 1659 4363; x_wconf 86' lang='lat' dir='ltr'>referre</span> <span class='ocrx_word' id='word_1_216' title='bbox 1705 4289 1773 4348; x_wconf 89' lang='lat' dir='ltr'>et</span> <span class='ocrx_word' id='word_1_217' title='bbox 1818 4288 2140 4365; x_wconf 87' lang='lat' dir='ltr'>repetere.</span> 
     </span>
    </p>
   </div>
   <div class='ocr_carea' id='block_1_7' title="bbox 2449 4406 2483 4462">
    <p class='ocr_par' dir='ltr' id='par_1_8' title="bbox 2449 4406 2483 4462">
     <span class='ocr_line' id='line_1_29' title="bbox 2449 4406 2483 4462; baseline 0 0"><span class='ocrx_word' id='word_1_218' title='bbox 2449 4406 2483 4462; x_wconf 87' lang='lat'>1</span> 
     </span>
    </p>
   </div>
  </div>
 </body>
</html>
