2834 4557
1202 251 1614 315 ...19-

154 459 281 524 Sed
329 459 435 522 dei
483 460 696 522 solent
742 461 1034 523 homines
1084 461 1288 523 nimia
1336 462 1590 524 virtute
1652 462 1952 539 insignes
2019 457 2441 537 praematura
2505 472 2667 518 mor·
2740 514 2743 517 ,

152 569 219 630 te
267 567 553 645 eripere:

466 671 760 733 Mimium
810 672 995 734 vobis
1043 672 1337 735 Romana
1386 689 1675 750 propago

468 775 632 839 Visa
679 778 932 858 potens,
980 777 1235 857 Superi,
1288 778 1553 855 propria
1598 776 1762 839 haec
1810 775 1868 838 si
1915 772 2087 836 dona
2134 771 2442 834 fuissent.

2123 875 2218 960 (v.
2268 867 2668 951 871—872.)

151 986 391 1062 Itaque
439 1003 834 1064 magnopere
883 990 985 1050 est
1030 987 1404 1067 optandum,
1458 990 1532 1049 ut
1578 984 1933 1048 Marcellus
1983 983 2126 1046 fata
2172 978 2554 1059 perrumpat
2601 991 2637 1035 e

147 1093 412 1154 mortem
458 1094 939 1167 praematuram
986 1089 1288 1171 effugiat.
1339 1093 1429 1154 At
1473 1089 1544 1153 id
1590 1091 1652 1151 ei
1716 1107 1845 1151 non
1910 1088 2210 1166 contigit,
2277 1102 2428 1148 nam
2474 1090 2672 1145 mor-t

146 1199 298 1260 tuus
348 1199 475 1259 est:
953 1187 982 1271 'v
2108 1190 2111 1192 ’

462 1300 628 1379 Heu,
680 1301 1050 1364 miserande
1096 1319 1278 1382 puer,
1329 1304 1545 1377 siqua
1591 1300 1734 1362 fata
1781 1314 2018 1375 aspera
2061 1296 2352 1373 rumpas!

463 1403 564 1466 Tu
612 1405 966 1469 Marcellus
1017 1407 1146 1469 eris
1173 1405 1582 1468 —leanibus
1631 1402 1790 1466 data
1835 1402 1982 1465 lilia
2028 1401 2262 1480 pleniS‚

467 1510 839 1588 Purpureos
891 1528 1197 1589 spargam
1243 1509 1433 1574 flores
1481 1511 1892 1586 animamque
1939 1507 2196 1586 nepotis

464 1614 590 1678 His
640 1614 874 1679 saltem
922 1615 1321 1680 accumulem
1369 1614 1554 1679 donis
1604 1617 1670 1678 et
1718 1612 1962 1692 fungar
2008 1612 2196 1675 inani

464 1720 757 1783 Munere.
2158 1714 2658 1800 (v.883*887.)

153 1823 518 1887 Gramatici
566 1829 845 1888 narrant
892 1827 995 1889 his
1043 1828 1291 1890 ultimis
1350 1827 1755 1906 potissimum
1820 1823 2122 1887 versibus
2189 1820 2416 1883 allatis
2464 1819 2658 1882 vehe-

149 1932 401 1991 menter
447 1928 822 2008 Augustum
870 1949 1014 1995 esse
1063 1935 1458 2000 commotum.

361 2034 682 2115 Septimo
727 2034 1001 2098 Aeneis
1046 2037 1229 2100 libro
1276 2039 1610 2100 Maronem
1657 2035 1906 2097 ultimis
1955 2050 2207 2110 quoque
2251 2030 2444 2093 annis
2477 2028 2659 2091 vitae

152 2157 310 2202 suae
360 2145 746 2219 occupatum
796 2141 999 2207 fuisse
1068 2143 1521 2208 demonstrant
1566 2161 1675 2207 vv,
1726 2144 2089 2203 ool—608.
2138 2138 2262 2201 His
2311 2138 2469 2199 item
2517 2152 2660 2198 ver-

152 2246 332 2308 sibus
381 2252 577 2325 poeta
624 2248 969 2313 blanditur
1023 2250 1399 2329 Augustum
1447 2252 1514 2312 et
1561 2247 1757 2311 effert
1813 2248 1953 2310 eius
2002 2246 2279 2324 gloriam
2325 2242 2657 2304 bellicam:

463 2355 602 2433 Mos
652 2361 797 2417 erat
843 2356 1167 2435 Hesperio
1215 2358 1286 2418 in
1335 2356 1552 2436 Latio,
1602 2373 1792 2432 quem
1840 2353 2142 2430 protinus
2189 2351 2381 2414 urbes

468 2458 771 2523 Albanae
821 2462 1077 2525 coluere
1125 2479 1398 2543 sacrum,
1447 2478 1624 2525 nunc
1669 2476 1971 2524 maxuma
2017 2476 2231 2521 rerum

470 2564 674 2627 Roma
722 2565 896 2646 colit,
949 2584 1089 2629 cum
1137 2566 1347 2645 prima
1392 2568 1656 2630 movent
1700 2566 1771 2627 in
1806 2562 2074 2642 proelia
2120 2562 2418 2641 Martem,

471 2669 626 2732 Sive
677 2669 865 2748 Getis
915 2671 1163 2734 inferre
1210 2691 1406 2735 manu
1452 2671 1861 2746 lacrimabile
1908 2670 2169 2749 bellum,

469 2774 881 2853 Hyrcanisve
928 2775 1257 2841 Arabisve
1302 2780 1561 2857 parant,
1623 2794 1738 2840 seu
1786 2776 2061 2838 tendere
2110 2773 2194 2838 ad
2241 2772 2438 2835 Indos

468 2878 920 2959 Auroramque
968 2883 1155 2960 sequi
1201 2882 1611 2960 Parthosque
1658 2894 1998 2960 reposcere
2046 2882 2359 2961 signa....

2124 2986 2215 3070 (v.
2267 2982 2661 3065 col-606.)

153 3088 359 3156 Getas
409 3092 630 3167 posuit
699 3095 893 3169 poeta
959 3094 1216 3154 omnino
1282 3111 1397 3171 pro
1462 3095 1765 3157 barbaris
1834 3092 2215 3158 Occidentis
2282 3089 2661 3153 nationibus

149 3195 231 3257 ab
280 3194 582 3273 Augusto
630 3195 933 3261 devictis.
1013 3197 1173 3259 Cum
1219 3198 1419 3261 Dacis
1471 3202 1706 3279 autem,
1759 3201 1994 3276 quibus
2063 3198 2277 3261 Getae
2325 3198 2517 3259 erant
2564 3195 2660 3257 vi-

150 3301 303 3382 cini,
356 3300 599 3365 bellum
666 3303 875 3381 gessit
923 3302 1010 3365 M.
1083 3301 1358 3367 Crassus
1429 3322 1487 3368 a.
1540 3311 1618 3367 27
1670 3324 1727 3369 a.
1802 3305 1914 3368 Ch.
1984 3324 2047 3368 n.
2122 3305 2305 3385 Quae
2375 3305 2505 3364 iam
2553 3320 2653 3364 vv.

149 3410 516 3470 294-296.
568 3407 610 3470 l.
661 3408 714 3471 Ι.
765 3410 1092 3486 expressit
1140 3412 1388 3474 noster:

474 3512 921 3588 „Claudentur
966 3514 1140 3576 Belli
1188 3517 1445 3593 portae3
1497 3515 1709 3579 Furor
1753 3518 1990 3595 impius
2038 3519 2220 3580 intus

469 3618 686 3681 Saeva
735 3617 968 3681 sedens
1020 3637 1216 3698 super
1264 3638 1443 3684 arma
1492 3626 1560 3684 et
1608 3625 1867 3685 centum
1916 3625 2180 3686 vinctus
2229 3622 2414 3685 aenis

380 3736 383 3738 ’
465 3723 623 3786 Post
668 3726 931 3802 tergum
980 3724 1168 3788 nodis
1217 3725 1451 3789 fremet
1497 3728 1800 3792 horridus
1849 3748 1957 3791 ore
2006 3729 2408 3792 cruento‘t..,

146 3831 392 3907 repetit
440 3848 692 3906 quoque
743 3834 810 3892 et
857 3830 898 3892 l.
951 3829 1100 3893 VII.
1152 3849 1213 3894 v.
1266 3836 1633 3898 607—608.
1684 3836 2079 3898 mentionem
2126 3833 2205 3897 de
2255 3832 2475 3896 clauso
2508 3830 2662 3893 Iani

146 3934 387 4012 templo
437 3951 494 3996 a.
547 3940 626 3997 29
678 3952 735 3998 a.
789 3935 902 4001 Ch.
955 3954 1017 3999 n.
1068 3934 1224 4019 (Dio
1276 3942 1377 4018 51,
1440 3936 1594 4021 21),
1665 3941 1872 4017 quasi,
1906 3941 1977 4003 in
2040 3940 2157 4003 hoc
2222 3936 2462 4013 templo
2511 3935 2661 3998 Bel-

146 4037 278 4102 lum
326 4042 392 4103 et
439 4040 617 4103 Mars
666 4041 878 4105 vincti
925 4042 1421 4129 tenerenturz37)

355 4231 421 4298 37)
460 4232 1049 4301 Ribb.Proleg.cr1t.
1112 4251 1236 4302 pag
1298 4234 1382 4287 64.
1439 4236 1578 4288 Nam
1635 4237 1844 4303 primus
1896 4235 2164 4288 Aeneidis
2220 4235 2364 4286 liber
2415 4234 2661 4287 maxime

146 4310 476 4374 merebatur,
513 4316 571 4364 ut
609 4310 920 4365 Octaviano
960 4314 1291 4367 recitaretur
1344 4320 1572 4388 propter
1633 4316 1827 4372 laudes
1866 4316 2020 4386 regni
2085 4315 2154 4367 ab
2217 4314 2335 4371 Iulo
2373 4331 2553 4388 usquo
2591 4315 2665 4370 ad
2748 4391 2751 4393 Β

146 4386 447 4447 Caesarem
486 4389 856 4450 Octavianum
896 4391 1137 4452 deducti.
