2834 4557
150 447 468 512 utebatur
516 451 701 513 Maro
781 454 848 513 et
923 468 1389 530 „quaecunque
1460 450 1541 511 ab
1614 449 1916 528 Augusto
1984 446 2262 523 peteret,
2333 432 2661 520 repulsam

150 569 488 630 nunquam
536 553 903 636 habuit‘i40)
951 555 1115 617 Eius
1166 553 1500 617 voluntati
1555 555 1844 616 libenter
1909 549 2328 614 satisfaciens
2395 548 2661 625 scripsit

152 655 515 720 Aeneidem
563 662 631 721 et
676 661 747 721 in
796 661 935 721 61118
984 677 1263 736 persona
1312 659 1604 721 celebrat
1650 659 2061 720 maiestatem
2092 654 2317 732 populi
2362 652 2658 715 Romani.

158 759 241 822 In
292 761 650 825 Octaviani
692 764 863 825 enim
910 781 1189 840 persona
1236 761 1404 824 duae
1453 762 1609 824 illae
1674 763 2108 825 Romanorum
2171 759 2431 837 ingenii
2495 775 2661 820 sum-

155 883 297 928 mae
345 868 652 948 virtutes,
733 866 1060 929 fortitudo
1136 871 1203 928 et
1267 869 1503 946 pietas,
1576 870 1755 929 inter
1823 884 1893 928 se
1963 864 2376 926 consociatae
2448 864 2658 925 erant.

155 969 388 1049 ltaque
438 974 556 1036 sub
605 991 884 1050 persona
933 973 1198 1036 Aeneae
1246 971 1416 1036 latet
1480 974 1796 1051 Princeps
1856 970 2218 1051 Augustus,
2287 970 2400 1047 qui
2464 969 2661 1030 natus

158 1094 304 1138 esse
372 1077 634 1139 videtur
681 1079 957 1157 Maroni,
1020 1081 1092 1141 ut
1137 1079 1550 1142 maiestatem
1597 1082 1663 1141 et
1738 1077 2015 1158 gloriam
2091 1074 2314 1153 populi
2385 1073 2662 1138 Romani

160 1182 472 1244 eveheret
522 1181 605 1244 ad
654 1201 964 1245 summum
1011 1181 1466 1266 fastigium.41)

373 1287 554 1365 Quae
602 1288 817 1349 omnia
868 1289 918 1349 si
970 1289 1373 1365 respicimus,
1423 1308 1550 1349 non
1597 1303 1932 1365 possumus
1981 1303 2109 1362 non
2158 1284 2458 1352 confiteri
2502 1281 2661 1342 Ver-

160 1389 393 1468 gilium
442 1410 520 1454 ex
569 1393 799 1454 intimo
844 1391 1034 1455 corde
1091 1393 1434 1470 animoque
1503 1411 1616 1455 suo
1681 1389 1984 1468 Augusto
2057 1407 2198 1452 esse
2262 1389 2658 1451 subiectum:

164 1513 286 1569 quo
343 1514 423 1557 ex
474 1495 654 1557 fonte
703 1498 915 1559 oritur
963 1497 1161 1559 etiam
1210 1499 1352 1560 eius
1403 1497 1487 1559 ad
1551 1497 1925 1574 Augustum
1986 1496 2241 1557 animus
2308 1494 2504 1571 plane
2552 1490 2664 1554 ad-

159 1600 430 1662 strictus
479 1602 749 1684 eiusque
797 1603 1175 1664 reverentia
1223 1604 1289 1663 et
1336 1603 1571 1682 pietaS,
1624 1618 1791 1684 quae
1839 1600 2024 1661 iubet
2062 1598 2394 1661 Maronem
2446 1597 2662 1660 colere

163 1703 602 1766 Octavianum
650 1708 981 1782 tamquam
1030 1724 1214 1769 suum
1263 1705 1472 1769 deum.

373 1808 464 1870 Ut
516 1808 800 1885 denique
849 1827 1016 1887 quae
1089 1809 1167 1871 de
1239 1810 1532 1873 Maronis
1609 1811 1973 1873 virtutibus
2045 1812 2316 1887 eiusque
2387 1808 2671 1871 moribus

163 1915 424 1989 antiqui
470 1916 925 1995 innotuerunt,
975 1915 1356 1994 adiciamUS,
1408 1933 1627 1977 omnes
1676 1914 1954 1978 tradunt
2024 1915 2185 1978 adeo
2253 1933 2397 1978 cum
2444 1914 2673 1991 benig-

164 2036 315 2079 num
363 2021 431 2079 et
478 2018 829 2081 humanum
878 2019 1104 2099 fuisse,
1156 2023 1229 2081 ut
1279 2038 1531 2096 semper
1578 2022 1794 2109 omnia
1843 2037 1984 2082 cum
2035 2023 2262 2083 amicis
2314 2020 2674 2082 communia

165 2123 460 2185 haberet.
513 2122 781 2205 (Donat.
835 2123 870 2205 ξ
922 2123 1057 2206 66)
1125 2125 1285 2187 Fuit
1356 2143 1544 2202 porro
1617 2123 1777 2187 adeo
1848 2128 2227 2189 mansuetus
2299 2129 2366 2188 et
2445 2142 2675 2202 expers

168 2229 375 2289 omnis
424 2229 745 2309 invidiae,
797 2233 871 2290 ut
919 2231 1167 2290 nemini
1225 2231 1629 2292 obtrectaret
1679 2232 1745 2290 et
1790 2230 2133 2311 gauderet,
2187 2232 2243 2292 si
2291 2229 2447 2307 quid
2495 2248 2677 2309 egre-

169 2333 267 2409 gii
316 2335 397 2396 ab
446 2334 577 2396 alio
625 2334 987 2411 perfectum
1037 2338 1230 2413 esset,
1283 2351 1360 2396 ac
1408 2336 1464 2395 si
1512 2332 1581 2395 id
1629 2335 1769 2410 ipse
1817 2333 2103 2397 fecisset.
2167 2334 2435 2417 (Donat.
2487 2334 2523 2417 ξ
2573 2340 2717 2396 65.μ

175 2434 300 2517 811.)
350 2437 569 2516 Quare
635 2456 763 2499 non
830 2441 930 2500 est
997 2439 1228 2500 mirum
1295 2437 1665 2514 Vergilium
1732 2439 1860 2499 sibi
1925 2457 2142 2502 omnes
2207 2439 2345 2502 fere
2412 2441 2679 2502 eximios

174 2544 351 2605 viros
402 2535 560 2605 suae
610 2544 852 2605 aetatis
903 2542 1064 2605 adeo
1124 2542 1531 2621 conciliasse,
1606 2545 1679 2603 ut
1727 2542 1808 2604 ab
1880 2543 1963 2605 iis
2036 2562 2287 2621 semper
2357 2543 2681 2606 coleretur

177 2648 243 2708 et
292 2650 645 2712 amaretur.
699 2647 855 2710 Cum
936 2649 1020 2711 iis
1098 2666 1351 2724 quoque
1430 2649 1762 2711 contraxit
1839 2649 2135 2711 intimam
2213 2650 2570 2712 amicitiam
2616 2651 2683 2710 et

177 2750 724 2815 familiaritatem.
775 2753 1044 2833 (Donat.
1096 2752 1132 2834 ξ
1185 2758 1285 2814 38.
1339 2771 1431 2829 sq.
1484 2755 1550 2814 et
1598 2751 1730 2835 67.)
1780 2753 2026 2816 Tamen
2074 2754 2308 2816 habuit
2355 2758 2420 2815 et
2466 2754 2683 2815 inimi-

177 2874 302 2936 608,
355 2860 467 2933 qui
517 2859 874 2920 Octaviani
930 2859 1335 2935 potissimum
1401 2859 1732 2920 amicitiae
1822 2854 2039 2939 (quem
2105 2859 2175 2919 in
2247 2850 2514 2934 Eclogis
2585 2858 2683 2918 111-

176 2961 296 3022 11118
329 2960 639 3024 adulatus
690 2980 832 3024 esse
895 2962 1272 3043 xidebatur)
1321 2964 1382 3023 ei
1429 2962 1812 3025 inviderent
1860 2965 1927 3024 et
1976 2964 2267 3024 carmina
2316 2964 2457 3023 eius
2513 2962 2684 3023 vitu-

176 3070 490 3141 perarent
538 3066 645 3128 vel
695 3065 1099 3129 adulationis
1149 3070 1558 3130 accusarent.
1611 3066 1879 3148 (Donat.
1930 3065 1967 3149 §
2018 3072 2119 3130 61.
2172 3064 2297 3148 811.)

360 3171 460 3234 ‘Si
516 3175 733 3234 autem
783 3171 1078 3234 adulatio
1128 3190 1381 3249 quoque
1434 3171 1608 3249 apud
1686 3171 2055 3250 Vergilium
2124 3172 2484 3250 invenitur,
2557 3188 2685 3233 non

177 3278 835 3353 praetermittendam
884 3297 1026 3341 esse
1076 3279 1246 3340 hanc
1293 3279 1686 3339 mentionem
1752 3280 2055 3355 putamus
2123 3275 2527 3339 adulationis
2576 3293 2687 3352 ge-

177 3400 299 3444 nus
349 3382 487 3444 illis
536 3383 937 3459 temporibus
987 3402 1113 3445 non
1164 3383 1507 3445 obscurum
1573 3382 1778 3446 fuisse
1829 3385 1946 3445 aut
2009 3382 2346 3445 celebrare
2411 3382 2688 3458 impera-

175 3490 350 3551 tores
403 3491 520 3550 aut
568 3490 662 3550 eis
714 3505 1092 3567 componere
1140 3506 1339 3566 opera
1414 3487 1518 3548 xel.
1600 3486 1947 3550 venditare
2027 3487 2370 3565 vaticinia,
2451 3485 2687 3562 quibus

175 3595 306 3657 iam
356 3594 509 3656 olim
562 3595 905 3672 imperium
954 3597 1071 3657 aut
1148 3594 1434 3672 insignis
1514 3592 1742 3669 aliqua
1819 3592 2110 3656 felicitas
2190 3594 2355 3670 ipsis
2429 3593 2692 3654 ostenta

173 3702 480 3780 fuissent,
536 3736 612 3744 —
665 3703 737 3762 ut
787 3703 854 3762 et
904 3718 1078 3762 nunc
1127 3717 1384 3779 quoque
1435 3715 1633 3774 saepe
1683 3698 1777 3760 fit.

391 3894 452 3961 ⁴⁰)
495 3893 694 3948 Donat.
734 3896 764 3961 ς’
807 3891 890 3943 24.

392 4017 453 4087 ⁴¹)
498 4017 846 4071 SchantziuS.
887 4015 1021 4068 Hist.
1062 4017 1158 4069 litt.
1199 4014 1359 4069 Rom.
1399 4029 1522 4081 pag.
1563 4012 1649 4066 38.
