2834 4557
1175 246 1582 305 -9-4.

123 453 302 516 inter
346 449 523 515 bella
571 453 801 517 civilia
847 453 1043 531 plane
1082 454 1540 530 neglexerunt.
1592 454 1829 531 Itaque
1878 468 2040 529 pace
2083 448 2401 513 restituta
2448 464 2634 528 prae-

126 560 302 635 cepit
392 559 742 620 Maecenas
840 558 1118 638 Maroni,
1199 563 1273 619 ut
1349 557 1658 620 Romanis
1733 547 2096 634 Georgicis'
2161 556 2637 632 agriculturam

126 660 711 745 commendaret.2⁰)

335 765 416 828 In
462 765 642 828 libri
680 766 730 829 l.
784 766 1092 838 exordia
1143 784 1267 844 quo
1315 771 1771 846 argumentum
1817 770 2024 831 totius
2089 768 2397 830 carminis
2446 783 2639 843 expo-

126 871 329 949 nitur,
374 869 872 947 dedicatpoeta
936 871 1109 935 hunc
1185 872 1424 934 librum
1494 870 1632 953 (vv.
1710 870 1927 955 1—5.)
2006 871 2419 951 Maecenati,
2453 871 2639 933 cuius

128 976 397 1037 hortatu
447 976 883 1052 precibusque
932 976 1255 1039 adductus
1307 976 1637 1055 Georgica
1684 994 2061 1054 componere
2109 978 2213 1038 est
2259 993 2638 1054 aggressus:

445 1079 618 1159 Quid
664 1078 873 1143 faciat
919 1081 1133 1144 laetas
1183 1084 1463 1162 segeteS,
1516 1099 1640 1159 quo
1688 1081 1904 1143 sidere
1950 1084 2195 1143 terram

372 1178 374 1180 ’
442 1183 740 1266 Vertere,
791 1186 1161 1268 Maecenas,
1212 1186 1532 1274 ulmisque
1581 1185 1950 1265 adiungere
2002 1186 2157 1249 vitis

444 1290 832 1372 Conveniat,
885 1308 1054 1367 quae
1102 1309 1259 1354 cura
1307 1293 1515 1371 boum,
1566 1292 1680 1368 qui
1729 1290 1945 1353 cultus
1991 1287 2294 1352 habendo

447 1388 551 1458 Sit
594 1397 835 1477 pecori,
887 1396 1122 1474 apibus
1171 1398 1424 1473 quanta
1471 1396 1887 1473 experientia
1934 1395 2172 1474 parcis,

442 1500 571 1565 Hic
618 1519 854 1564 canere
902 1503 1237 1579 incipiam.

2035 1603 2172 1686 (VV.
2227 1608 2415 1666 1—5.
2465 1603 2508 1667 l.
2558 1603 2643 1685 Ι.)

339 1727 503 1789 Inde
550 1729 622 1789 in
671 1730 1092 1801 invocatione
1161 1728 1495 1789 numinum
1542 1724 1680 1810 (vv.
1732 1726 1997 1808 5—42.)
2031 1725 2407 1803 praefatur
2451 1729 2645 1803 poeta

132 1849 212 1893 ex
259 1831 692 1894 Romanorum
741 1831 1124 1894 adulatione
1173 1832 1520 1894 Caesarem
1569 1832 2010 1894 Octavianum
2076 1834 2409 1908 tamquam
2455 1831 2647 1893 brevi

130 1939 422 2014 tempore
470 1935 765 1999 futurum
839 1935 1026 1999 deum
1076 1940 1274 2015 atque
1339 1936 1687 2015 profitetur
1733 1956 1802 2000 se
1851 1956 1979 1999 non
2034 1955 2223 2014 posse
2272 1936 2644 2014 decernere,

128 2043 234 2105 cui
282 2040 498 2105 ordini
546 2040 807 2105 deorum
836 2041 1181 2106 Caesarem
1211 2044 1318 2106 sit
1365 2042 1822 2126 adiuncturus,
1867 2079 1944 2088 —-
1984 2047 2202 2106 utrum
2229 2044 2646 2105 terrestrium

134 2166 219 2210 an
267 2148 651 2210 caelestium
699 2166 784 2209 an
830 2148 1247 2210 marinorum.
1300 2146 1507 2227 Quam
1554 2166 1691 2210 rem
1756 2145 1922 2212 facit
1969 2148 2051 2211 ab
2113 2148 2389 2211 arbitrio
2437 2148 2647 2225 ipsius

134 2252 492 2315 Octaviani
541 2269 951 2336 suspensam:

449 2372 679 2448 Tuque
728 2371 909 2453 ade0,
936 2391 1144 2450 ,quem
1189 2392 1335 2456 mox
1380 2390 1548 2450 quae
1598 2376 1734 2438 sint
1781 2375 2096 2437 habitura
2143 2373 2408 2437 deorum

448 2475 744 2538 Concilia
790 2477 1115 2539 incertum
1162 2481 1281 2558 est,
1333 2479 1602 2540 urbisne
1648 2480 1960 2559 invisere,
2013 2478 2278 2558 Caesar,

453 2579 933 2658 Terrarumque
982 2581 1150 2646 velis
1201 2576 1437 2646 curam
1469 2586 1536 2645 et
1575 2586 1644 2647 te
1690 2586 2007 2647 maximus
2056 2584 2231 2645 orbis

446 2682 797 2747 Auctorem
844 2684 1108 2765 frugum
1153 2689 1749 2766 tempestatumque
1795 2691 2126 2766 potentem

447 2787 776 2870 Accipiat,
828 2792 1103 2869 cingens
1153 2795 1455 2856 materna
1500 2796 1795 2872 tempora
1840 2796 2072 2874 myrto,

446 2893 552 2956 An
602 2893 762 2958 deus
811 2897 1110 2960 immensi
1158 2898 1392 2961 venias
1442 2901 1641 2963 maris
1691 2917 1770 2963 ac
1815 2901 1933 2963 tua
1981 2901 2227 2962 nautae

447 2999 734 3063 Numina
782 3002 921 3064 sola
968 3002 1213 3082 colant,
1261 3003 1390 3064 tibi
1438 3006 1693 3066 serviat
1740 3005 1973 3065 ultima
2022 3003 2357 3067 Thule....

1307 3106 1310 3108 ’
1954 3106 2093 3191 (VV.
2145 3113 2425 3173 24—30.
2476 3110 2519 3174 1.
2571 3109 2656 3193 Ι.)

345 3208 550 3273 Poeta
598 3211 826 3274 verbis
881 3214 1219 3304 „materna
1265 3214 1518 3292 myrto“
1572 3213 1721 3277 vult
1769 3214 2150 3294 significare
2216 3213 2658 3279 Octavianum

134 3310 508 3392 Augustum
571 3317 650 3377 ob
729 3316 1023 3380 divinam
1092 3320 1313 3398 gentis
1385 3337 1543 3383 suae
1613 3322 1936 3400 originem
2006 3320 2279 3399 dignum
2348 3339 2525 3401 esse,⁸
2585 3326 2659 3384 ut

134 3415 466 3482 referatur
514 3421 693 3484 inter
741 3421 912 3487 deos,
985 3424 1328 3505 Augustus
1380 3428 1553 3488 enim
1627 3427 1863 3488 habuit
1934 3429 2258 3506 originem
2328 3429 2411 3489 ab
2479 3427 2654 3506 Julo,

139 3524 252 3598 qui
301 3520 432 3586 fuit
480 3526 622 3588 sive
669 3525 845 3590 filius
896 3529 1040 3592 sive
1086 3546 1286 3607 nepos
1333 3529 1622 3611 Aeneae,
1674 3533 1860 3595 cuius
1925 3534 2136 3595 mater
2201 3531 2425 3594 Venus
2492 3535 2656 3595 erat.

138 3627 285 3691 Non
336 3632 438 3693 est
485 3629 704 3695 danda
749 3634 969 3696 tamen
1016 3633 1179 3698 haec
1224 3636 1559 3699 invocatio
1607 3635 1997 3718 adulationi,
2050 3635 2167 3699 sed
2221 3637 2439 3714 potius
2491 3638 2660 3700 veri-

140 3736 291 3798 tati.
340 3736 507 3798 Nam
555 3753 698 3800 cum
746 3756 964 3802 omnes
1012 3742 1445 3819 imperatores
1487 3746 1635 3821 post
1680 3746 1948 3806 mortem
2011 3746 2189 3806 inter
2236 3741 2389 3804 deos
2440 3747 2663 3804 essent

143 3838 361 3920 relati,
411 3839 752 3921 Augustus
804 3844 998 3908 vivus
1046 3847 1287 3909 meruit
1330 3846 1607 3911 honores
1657 3833 2027 3930 divinos.2¹)
2078 3847 2323 3910 Caesar
2370 3848 2663 3925 appella-

353 4046 419 4114 2⁰)
457 4048 821 4102 Ribbeckius.
863 4051 1061 4103 Gesch.
1101 4051 1203 4103 der
1239 4058 1379 4104 rom.
1415 4055 1590 4105 Dicht.
1627 4055 1690 4121 ΙΙ,
1728 4054 1811 4116 343

355 4166 422 4235 21)
459 4168 560 4221 Hic
599 4171 754 4224 locus
793 4177 878 4225 est
914 4173 1241 4227 referendus
1280 4175 1352 4227 ad
1392 4191 1441 4227 a.
1480 4176 1549 4228 36
1587 4192 1635 4230 a.
1670 4176 1768 4229 Ch.
1808 4192 1878 4239 n.‚
1943 4192 2070 4229 cum
2132 4176 2373 4230 Senatus
2438 4177 2666 4231 decreto

146 4245 487 4301 Octavianus
527 4249 763 4303 victoria
800 4254 871 4305 ab
941 4253 1192 4321 Agrippa
1229 4255 1298 4309 de
1340 4252 1467 4317 Sex,
1529 4255 1802 4324 Pompeio
1841 4260 2127 4324 reportata
2165 4256 2227 4309 in
2267 4254 2500 4324 singulis
2535 4258 2669 4310 civi·

145 4326 347 4380 tatibus
386 4327 531 4382 inter
569 4329 706 4382 deos
745 4332 1119 4401 municipales
1156 4335 1265 4388 coli
1303 4336 1601 4407 coepisset.
1641 4335 1902 4407 (Appian.
1941 4337 1995 4389 b.
2035 4335 2141 4392 civ.
2181 4335 2244 4406 V,
2285 4336 2428 4408 132.)
