<?xml version="1.0" encoding="UTF-8"?>
<!DOCTYPE html PUBLIC "-//W3C//DTD XHTML 1.0 Transitional//EN"
    "http://www.w3.org/TR/xhtml1/DTD/xhtml1-transitional.dtd">
<html xmlns="http://www.w3.org/1999/xhtml" xml:lang="en" lang="en">
 <head>
  <title>
</title>
<meta http-equiv="Content-Type" content="text/html;charset=utf-8" />
  <meta name='ocr-system' content='tesseract 3.04.00' />
  <meta name='ocr-capabilities' content='ocr_page ocr_carea ocr_par ocr_line ocrx_word'/>
</head>
<body>
  <div class='ocr_page' id='page_1' title='image "./4770971_0022.png"; bbox 0 0 2834 4557; ppageno 0'>
   <div class='ocr_carea' id='block_1_1' title="bbox 1204 199 1617 259">
    <p class='ocr_par' dir='ltr' id='par_1_1' title="bbox 1204 199 1617 259">
     <span class='ocr_line' id='line_1_1' title="bbox 1204 199 1617 259; baseline -0.002 -16"><span class='ocrx_word' id='word_1_1' title='bbox 1204 199 1617 259; x_wconf 79' lang='lat'>-14-</span> 
     </span>
    </p>
   </div>
   <div class='ocr_carea' id='block_1_2' title="bbox 146 404 2668 2908">
    <p class='ocr_par' dir='ltr' id='par_1_2' title="bbox 146 404 2668 2908">
     <span class='ocr_line' id='line_1_2' title="bbox 463 404 2138 490; baseline 0 -23"><span class='ocrx_word' id='word_1_2' title='bbox 463 405 808 484; x_wconf 87' lang='lat' dir='ltr'>Purpurea</span> <span class='ocrx_word' id='word_1_3' title='bbox 856 408 1099 469; x_wconf 80' lang='lat' dir='ltr'><strong>intexti</strong></span> <span class='ocrx_word' id='word_1_4' title='bbox 1147 407 1390 468; x_wconf 87' lang='lat' dir='ltr'>tollant</span> <span class='ocrx_word' id='word_1_5' title='bbox 1440 407 1682 469; x_wconf 86' lang='lat' dir='ltr'>aulaea</span> <span class='ocrx_word' id='word_1_6' title='bbox 1717 404 2138 490; x_wconf 80' lang='lat' dir='ltr'>Brita11ni.2⁷)</span> 
     </span>
     <span class='ocr_line' id='line_1_3' title="bbox 2212 509 2665 594; baseline 0 -21"><span class='ocrx_word' id='word_1_7' title='bbox 2212 510 2304 594; x_wconf 88' lang='lat' dir='ltr'>(v.</span> <span class='ocrx_word' id='word_1_8' title='bbox 2355 509 2665 594; x_wconf 79' lang='lat'>24-25.)</span> 
     </span>
     <span class='ocr_line' id='line_1_4' title="bbox 150 616 2664 698; baseline -0.001 -18"><span class='ocrx_word' id='word_1_9' title='bbox 150 617 515 696; x_wconf 77' lang='lat' dir='ltr'>Splendida</span> <span class='ocrx_word' id='word_1_10' title='bbox 563 635 640 685; x_wconf 91' lang='lat' dir='ltr'>ac</span> <span class='ocrx_word' id='word_1_11' title='bbox 686 618 1038 698; x_wconf 89' lang='lat' dir='ltr'>magnifica</span> <span class='ocrx_word' id='word_1_12' title='bbox 1088 621 1282 681; x_wconf 90' lang='lat' dir='ltr'>erunt</span> <span class='ocrx_word' id='word_1_13' title='bbox 1330 621 1715 680; x_wconf 90' lang='lat' dir='ltr'>ornamenta</span> <span class='ocrx_word' id='word_1_14' title='bbox 1780 618 2027 698; x_wconf 91' lang='lat' dir='ltr'>templi,</span> <span class='ocrx_word' id='word_1_15' title='bbox 2076 618 2147 679; x_wconf 93' lang='lat' dir='ltr'>in</span> <span class='ocrx_word' id='word_1_16' title='bbox 2219 616 2509 698; x_wconf 75' lang='lat' dir='ltr'><strong>Augusti</strong></span> <span class='ocrx_word' id='word_1_17' title='bbox 2556 616 2664 678; x_wconf 92' lang='lat' dir='ltr'>ho-</span> 
     </span>
     <span class='ocr_line' id='line_1_5' title="bbox 146 722 2664 800; baseline -0 -16"><span class='ocrx_word' id='word_1_18' title='bbox 146 742 368 785; x_wconf 92' lang='lat' dir='ltr'>norem</span> <span class='ocrx_word' id='word_1_19' title='bbox 417 722 830 786; x_wconf 90' lang='lat' dir='ltr'>aedificandi.</span> <span class='ocrx_word' id='word_1_20' title='bbox 882 722 981 785; x_wconf 90' lang='lat' dir='ltr'>Ac</span> <span class='ocrx_word' id='word_1_21' title='bbox 1030 724 1236 800; x_wconf 90' lang='lat' dir='ltr'>primo</span> <span class='ocrx_word' id='word_1_22' title='bbox 1285 723 1451 786; x_wconf 85' lang='lat' dir='ltr'>facit</span> <span class='ocrx_word' id='word_1_23' title='bbox 1501 725 1696 799; x_wconf 89' lang='lat' dir='ltr'>poeta</span> <span class='ocrx_word' id='word_1_24' title='bbox 1762 723 2157 785; x_wconf 80' lang='lat' dir='ltr'>mentionem</span> <span class='ocrx_word' id='word_1_25' title='bbox 2206 740 2469 800; x_wconf 85' lang='lat' dir='ltr'>pugnae</span> <span class='ocrx_word' id='word_1_26' title='bbox 2517 739 2664 784; x_wconf 92' lang='lat' dir='ltr'>con-</span> 
     </span>
     <span class='ocr_line' id='line_1_6' title="bbox 148 826 2664 910; baseline -0.001 -22"><span class='ocrx_word' id='word_1_27' title='bbox 148 829 257 888; x_wconf 89' lang='lat' dir='ltr'>tra</span> <span class='ocrx_word' id='word_1_28' title='bbox 306 830 665 888; x_wconf 86' lang='lat' dir='ltr'>extremum</span> <span class='ocrx_word' id='word_1_29' title='bbox 715 827 1051 890; x_wconf 77' lang='lat' dir='ltr'>Orientem</span> <span class='ocrx_word' id='word_1_30' title='bbox 1081 826 1509 910; x_wconf 58' lang='lat' dir='ltr'>pugnataeffi)</span> <span class='ocrx_word' id='word_1_31' title='bbox 1544 831 1610 888; x_wconf 91' lang='lat' dir='ltr'>et</span> <span class='ocrx_word' id='word_1_32' title='bbox 1644 827 2010 890; x_wconf 88' lang='lat' dir='ltr'>Octaviano</span> <span class='ocrx_word' id='word_1_33' title='bbox 2039 826 2281 888; x_wconf 89' lang='lat' dir='ltr'>tribuit</span> <span class='ocrx_word' id='word_1_34' title='bbox 2313 842 2664 903; x_wconf 80' lang='lat' dir='ltr'>cognomen</span> 
     </span>
     <span class='ocr_line' id='line_1_7' title="bbox 155 932 830 995; baseline -0.001 -1"><span class='ocrx_word' id='word_1_35' title='bbox 155 932 511 995; x_wconf 89' lang='lat' dir='ltr'>conditoris</span> <span class='ocrx_word' id='word_1_36' title='bbox 561 934 830 995; x_wconf 87' lang='lat' dir='ltr'>Romae:</span> 
     </span>
     <span class='ocr_line' id='line_1_8' title="bbox 467 1036 2298 1117; baseline -0.001 -18"><span class='ocrx_word' id='word_1_37' title='bbox 467 1039 547 1099; x_wconf 89' lang='lat' dir='ltr'>In</span> <span class='ocrx_word' id='word_1_38' title='bbox 593 1037 843 1100; x_wconf 85' lang='lat' dir='ltr'>foribus</span> <span class='ocrx_word' id='word_1_39' title='bbox 894 1056 1182 1116; x_wconf 90' lang='lat' dir='ltr'>pugnam</span> <span class='ocrx_word' id='word_1_40' title='bbox 1223 1057 1303 1100; x_wconf 88' lang='lat' dir='ltr'>ex</span> <span class='ocrx_word' id='word_1_41' title='bbox 1355 1056 1512 1100; x_wconf 91' lang='lat' dir='ltr'>auro</span> <span class='ocrx_word' id='word_1_42' title='bbox 1562 1036 1914 1117; x_wconf 85' lang='lat' dir='ltr'>solidoque.</span> <span class='ocrx_word' id='word_1_43' title='bbox 1947 1036 2298 1114; x_wconf 88' lang='lat' dir='ltr'>elephanto</span> 
     </span>
     <span class='ocr_line' id='line_1_9' title="bbox 471 1139 2294 1221; baseline -0.002 -14"><span class='ocrx_word' id='word_1_44' title='bbox 471 1140 926 1221; x_wconf 81' lang='lat' dir='ltr'>Gangaridum</span> <span class='ocrx_word' id='word_1_45' title='bbox 972 1141 1211 1207; x_wconf 85' lang='lat' dir='ltr'>faciam</span> <span class='ocrx_word' id='word_1_46' title='bbox 1258 1143 1662 1221; x_wconf 86' lang='lat' dir='ltr'>victorisque</span> <span class='ocrx_word' id='word_1_47' title='bbox 1712 1159 1891 1206; x_wconf 88' lang='lat' dir='ltr'>arma</span> <span class='ocrx_word' id='word_1_48' title='bbox 1940 1139 2233 1221; x_wconf 80' lang='lat' dir='ltr'>Quirini.</span> <span class='ocrx_word' id='word_1_49' title='bbox 2283 1194 2294 1203; x_wconf 92' lang='lat'><em>.</em></span> 
     </span>
     <span class='ocr_line' id='line_1_10' title="bbox 2214 1239 2666 1332; baseline -0.004 -24"><span class='ocrx_word' id='word_1_50' title='bbox 2214 1243 2305 1332; x_wconf 71' lang='lat' dir='ltr'>(v.</span> <span class='ocrx_word' id='word_1_51' title='bbox 2357 1239 2666 1323; x_wconf 75' lang='lat'><strong>26—27.)</strong></span> 
     </span>
     <span class='ocr_line' id='line_1_11' title="bbox 151 1349 2668 1432; baseline -0.002 -18"><span class='ocrx_word' id='word_1_52' title='bbox 151 1352 421 1415; x_wconf 89' lang='lat' dir='ltr'>Iubebit</span> <span class='ocrx_word' id='word_1_53' title='bbox 470 1355 670 1415; x_wconf 92' lang='lat' dir='ltr'>etiam</span> <span class='ocrx_word' id='word_1_54' title='bbox 719 1357 913 1432; x_wconf 90' lang='lat' dir='ltr'>poeta</span> <span class='ocrx_word' id='word_1_55' title='bbox 963 1353 1356 1430; x_wconf 86' lang='lat' dir='ltr'>sculptorem</span> <span class='ocrx_word' id='word_1_56' title='bbox 1407 1353 1731 1432; x_wconf 83' lang='lat' dir='ltr'>effingere</span> <span class='ocrx_word' id='word_1_57' title='bbox 1782 1354 1990 1415; x_wconf 82' lang='lat' dir='ltr'>victos</span> <span class='ocrx_word' id='word_1_58' title='bbox 2039 1351 2255 1430; x_wconf 82' lang='lat' dir='ltr'>Indos,</span> <span class='ocrx_word' id='word_1_59' title='bbox 2288 1349 2668 1428; x_wconf 83' lang='lat' dir='ltr'>Aegyptum</span> 
     </span>
     <span class='ocr_line' id='line_1_12' title="bbox 154 1456 2666 1537; baseline -0.002 -19"><span class='ocrx_word' id='word_1_60' title='bbox 154 1457 513 1537; x_wconf 79' lang='lat' dir='ltr'>subactam,</span> <span class='ocrx_word' id='word_1_61' title='bbox 564 1457 810 1537; x_wconf 83' lang='lat' dir='ltr'>Asiam,</span> <span class='ocrx_word' id='word_1_62' title='bbox 882 1458 1279 1537; x_wconf 83' lang='lat' dir='ltr'>Armeniam,</span> <span class='ocrx_word' id='word_1_63' title='bbox 1348 1457 1628 1519; x_wconf 84' lang='lat' dir='ltr'>Parthos</span> <span class='ocrx_word' id='word_1_64' title='bbox 1698 1457 1815 1519; x_wconf 91' lang='lat' dir='ltr'>sub</span> <span class='ocrx_word' id='word_1_65' title='bbox 1881 1458 2314 1519; x_wconf 84' lang='lat' dir='ltr'>Romanorum</span> <span class='ocrx_word' id='word_1_66' title='bbox 2379 1456 2666 1532; x_wconf 87' lang='lat' dir='ltr'>potesta-</span> 
     </span>
     <span class='ocr_line' id='line_1_13' title="bbox 152 1560 743 1644; baseline 0.003 -21"><span class='ocrx_word' id='word_1_67' title='bbox 152 1564 283 1623; x_wconf 92' lang='lat' dir='ltr'>tem</span> <span class='ocrx_word' id='word_1_68' title='bbox 331 1560 743 1644; x_wconf 75' lang='lat' dir='ltr'>redactos:²⁹)</span> 
     </span>
     <span class='ocr_line' id='line_1_14' title="bbox 465 1665 2310 1747; baseline 0 -21"><span class='ocrx_word' id='word_1_69' title='bbox 465 1666 686 1746; x_wconf 89' lang='lat' dir='ltr'>Atque</span> <span class='ocrx_word' id='word_1_70' title='bbox 734 1667 841 1728; x_wconf 91' lang='lat' dir='ltr'>hic</span> <span class='ocrx_word' id='word_1_71' title='bbox 893 1667 1468 1747; x_wconf 82' lang='lat' dir='ltr'>undantembello</span> <span class='ocrx_word' id='word_1_72' title='bbox 1518 1684 1952 1746; x_wconf 86' lang='lat' dir='ltr'>magnumque</span> <span class='ocrx_word' id='word_1_73' title='bbox 2000 1665 2310 1727; x_wconf 89' lang='lat' dir='ltr'>fluentem</span> 
     </span>
     <span class='ocr_line' id='line_1_15' title="bbox 471 1773 2079 1851; baseline -0.001 -17"><span class='ocrx_word' id='word_1_74' title='bbox 471 1773 692 1835; x_wconf 85' lang='lat' dir='ltr'>Nilum</span> <span class='ocrx_word' id='word_1_75' title='bbox 737 1790 812 1836; x_wconf 90' lang='lat' dir='ltr'>ac</span> <span class='ocrx_word' id='word_1_76' title='bbox 861 1774 1091 1836; x_wconf 76' lang='lat' dir='ltr'>navali</span> <span class='ocrx_word' id='word_1_77' title='bbox 1140 1776 1477 1851; x_wconf 85' lang='lat' dir='ltr'>surgentis</span> <span class='ocrx_word' id='word_1_78' title='bbox 1527 1789 1678 1834; x_wconf 89' lang='lat' dir='ltr'>aere</span> <span class='ocrx_word' id='word_1_79' title='bbox 1727 1773 2079 1835; x_wconf 90' lang='lat' dir='ltr'>columnas.</span> 
     </span>
     <span class='ocr_line' id='line_1_16' title="bbox 469 1875 2379 1954; baseline -0.002 -16"><span class='ocrx_word' id='word_1_80' title='bbox 469 1876 724 1938; x_wconf 90' lang='lat' dir='ltr'>Addam</span> <span class='ocrx_word' id='word_1_81' title='bbox 776 1878 970 1939; x_wconf 89' lang='lat' dir='ltr'>urbes</span> <span class='ocrx_word' id='word_1_82' title='bbox 1021 1877 1225 1939; x_wconf 86' lang='lat' dir='ltr'>Asiae</span> <span class='ocrx_word' id='word_1_83' title='bbox 1276 1876 1555 1939; x_wconf 82' lang='lat' dir='ltr'>domita-s</span> <span class='ocrx_word' id='word_1_84' title='bbox 1604 1876 1995 1954; x_wconf 90' lang='lat' dir='ltr'>pulsumque</span> <span class='ocrx_word' id='word_1_85' title='bbox 2042 1875 2379 1952; x_wconf 88' lang='lat' dir='ltr'>Niphaten</span> 
     </span>
     <span class='ocr_line' id='line_1_17' title="bbox 469 1981 2365 2071; baseline -0.001 -28"><span class='ocrx_word' id='word_1_86' title='bbox 469 1981 951 2062; x_wconf 88' lang='lat' dir='ltr'>Fidentemque</span> <span class='ocrx_word' id='word_1_87' title='bbox 1000 1982 1165 2061; x_wconf 79' lang='lat' dir='ltr'>fuga</span> <span class='ocrx_word' id='word_1_88' title='bbox 1213 1982 1535 2045; x_wconf 86' lang='lat' dir='ltr'>Parthum</span> <span class='ocrx_word' id='word_1_89' title='bbox 1587 1983 1926 2071; x_wconf 74' lang='lat' dir='ltr'>versisque</span> <span class='ocrx_word' id='word_1_90' title='bbox 1975 1982 2271 2060; x_wconf 78' lang='lat' dir='ltr'>sagittiS.</span> <span class='ocrx_word' id='word_1_91' title='bbox 2322 2030 2365 2042; x_wconf 92' lang='lat'>..</span> 
     </span>
     <span class='ocr_line' id='line_1_18' title="bbox 2213 2084 2667 2171; baseline 0.007 -25"><span class='ocrx_word' id='word_1_92' title='bbox 2213 2085 2303 2171; x_wconf 88' lang='lat' dir='ltr'>(v.</span> <span class='ocrx_word' id='word_1_93' title='bbox 2357 2084 2667 2168; x_wconf 75' lang='lat'>28—31.)</span> 
     </span>
     <span class='ocr_line' id='line_1_19' title="bbox 152 2190 2666 2272; baseline 0 -19"><span class='ocrx_word' id='word_1_94' title='bbox 152 2192 229 2254; x_wconf 90' lang='lat' dir='ltr'>In</span> <span class='ocrx_word' id='word_1_95' title='bbox 280 2193 529 2256; x_wconf 87' lang='lat' dir='ltr'>foribus</span> <span class='ocrx_word' id='word_1_96' title='bbox 579 2193 774 2256; x_wconf 90' lang='lat' dir='ltr'>huius</span> <span class='ocrx_word' id='word_1_97' title='bbox 840 2194 1070 2270; x_wconf 91' lang='lat' dir='ltr'>templi</span> <span class='ocrx_word' id='word_1_98' title='bbox 1152 2195 1474 2271; x_wconf 87' lang='lat' dir='ltr'>exprimet</span> <span class='ocrx_word' id='word_1_99' title='bbox 1555 2192 1737 2255; x_wconf 90' lang='lat' dir='ltr'>Maro</span> <span class='ocrx_word' id='word_1_100' title='bbox 1818 2194 2131 2256; x_wconf 89' lang='lat' dir='ltr'>victorias</span> <span class='ocrx_word' id='word_1_101' title='bbox 2209 2191 2507 2272; x_wconf 83' lang='lat' dir='ltr'>Augusti</span> <span class='ocrx_word' id='word_1_102' title='bbox 2587 2190 2666 2254; x_wconf 92' lang='lat' dir='ltr'>de</span> 
     </span>
     <span class='ocr_line' id='line_1_20' title="bbox 152 2298 2666 2380; baseline -0 -20"><span class='ocrx_word' id='word_1_103' title='bbox 152 2299 356 2360; x_wconf 90' lang='lat' dir='ltr'>Bruto</span> <span class='ocrx_word' id='word_1_104' title='bbox 407 2301 473 2360; x_wconf 92' lang='lat' dir='ltr'>et</span> <span class='ocrx_word' id='word_1_105' title='bbox 521 2298 746 2362; x_wconf 83' lang='lat' dir='ltr'>Cassio</span> <span class='ocrx_word' id='word_1_106' title='bbox 795 2302 997 2380; x_wconf 89' lang='lat' dir='ltr'>atque</span> <span class='ocrx_word' id='word_1_107' title='bbox 1047 2298 1126 2361; x_wconf 92' lang='lat' dir='ltr'>de</span> <span class='ocrx_word' id='word_1_108' title='bbox 1177 2299 1374 2362; x_wconf 82' lang='lat' dir='ltr'>Sexto</span> <span class='ocrx_word' id='word_1_109' title='bbox 1429 2299 1731 2377; x_wconf 91' lang='lat' dir='ltr'>Pompeio</span> <span class='ocrx_word' id='word_1_110' title='bbox 1780 2300 2026 2378; x_wconf 78' lang='lat' dir='ltr'>partaS,</span> <span class='ocrx_word' id='word_1_111' title='bbox 2079 2298 2322 2378; x_wconf 85' lang='lat' dir='ltr'>quibus</span> <span class='ocrx_word' id='word_1_112' title='bbox 2371 2299 2666 2374; x_wconf 88' lang='lat' dir='ltr'>reporta·</span> 
     </span>
     <span class='ocr_line' id='line_1_21' title="bbox 150 2401 2663 2483; baseline -0 -17"><span class='ocrx_word' id='word_1_113' title='bbox 150 2404 238 2466; x_wconf 89' lang='lat' dir='ltr'>tis</span> <span class='ocrx_word' id='word_1_114' title='bbox 289 2403 699 2467; x_wconf 88' lang='lat' dir='ltr'>Octavianus</span> <span class='ocrx_word' id='word_1_115' title='bbox 748 2404 849 2467; x_wconf 90' lang='lat' dir='ltr'>bis</span> <span class='ocrx_word' id='word_1_116' title='bbox 906 2422 1100 2467; x_wconf 90' lang='lat' dir='ltr'>orans</span> <span class='ocrx_word' id='word_1_117' title='bbox 1156 2405 1376 2468; x_wconf 67' lang='lat' dir='ltr'>urbem</span> <span class='ocrx_word' id='word_1_118' title='bbox 1409 2405 1714 2466; x_wconf 88' lang='lat' dir='ltr'>intravit.</span> <span class='ocrx_word' id='word_1_119' title='bbox 1754 2402 1937 2483; x_wconf 84' lang='lat' dir='ltr'>Quae</span> <span class='ocrx_word' id='word_1_120' title='bbox 1984 2406 2259 2481; x_wconf 90' lang='lat' dir='ltr'>tropaea</span> <span class='ocrx_word' id='word_1_121' title='bbox 2307 2405 2461 2465; x_wconf 90' lang='lat' dir='ltr'>sunt</span> <span class='ocrx_word' id='word_1_122' title='bbox 2509 2401 2663 2465; x_wconf 90' lang='lat' dir='ltr'>duo:</span> 
     </span>
     <span class='ocr_line' id='line_1_22' title="bbox 152 2508 2409 2589; baseline 0 -20"><span class='ocrx_word' id='word_1_123' title='bbox 152 2509 433 2571; x_wconf 89' lang='lat' dir='ltr'>alterum</span> <span class='ocrx_word' id='word_1_124' title='bbox 482 2508 561 2570; x_wconf 92' lang='lat' dir='ltr'>de</span> <span class='ocrx_word' id='word_1_125' title='bbox 612 2509 886 2571; x_wconf 89' lang='lat' dir='ltr'>Oriente</span> <span class='ocrx_word' id='word_1_126' title='bbox 936 2529 1016 2572; x_wconf 82' lang='lat' dir='ltr'>ex</span> <span class='ocrx_word' id='word_1_127' title='bbox 1062 2514 1268 2573; x_wconf 90' lang='lat' dir='ltr'>tremo</span> <span class='ocrx_word' id='word_1_128' title='bbox 1315 2512 1513 2589; x_wconf 77' lang='lat' dir='ltr'>vict0,</span> <span class='ocrx_word' id='word_1_129' title='bbox 1568 2509 1847 2572; x_wconf 90' lang='lat' dir='ltr'>alterum</span> <span class='ocrx_word' id='word_1_130' title='bbox 1896 2508 1974 2571; x_wconf 93' lang='lat' dir='ltr'>de</span> <span class='ocrx_word' id='word_1_131' title='bbox 2023 2508 2409 2571; x_wconf 77' lang='lat' dir='ltr'>Occidente:</span> 
     </span>
     <span class='ocr_line' id='line_1_23' title="bbox 470 2614 2225 2693; baseline 0 -16"><span class='ocrx_word' id='word_1_132' title='bbox 470 2616 561 2677; x_wconf 89' lang='lat' dir='ltr'>Et</span> <span class='ocrx_word' id='word_1_133' title='bbox 610 2614 734 2677; x_wconf 92' lang='lat' dir='ltr'>duo</span> <span class='ocrx_word' id='word_1_134' title='bbox 784 2619 978 2693; x_wconf 91' lang='lat' dir='ltr'>rapta</span> <span class='ocrx_word' id='word_1_135' title='bbox 1026 2634 1219 2678; x_wconf 91' lang='lat' dir='ltr'>manu</span> <span class='ocrx_word' id='word_1_136' title='bbox 1272 2615 1532 2677; x_wconf 81' lang='lat' dir='ltr'>diverso</span> <span class='ocrx_word' id='word_1_137' title='bbox 1583 2633 1663 2676; x_wconf 86' lang='lat' dir='ltr'>ex</span> <span class='ocrx_word' id='word_1_138' title='bbox 1710 2615 1897 2677; x_wconf 90' lang='lat' dir='ltr'>hoste</span> <span class='ocrx_word' id='word_1_139' title='bbox 1944 2617 2225 2692; x_wconf 89' lang='lat' dir='ltr'>tropaea</span> 
     </span>
     <span class='ocr_line' id='line_1_24' title="bbox 471 2716 2293 2800; baseline 0 -19"><span class='ocrx_word' id='word_1_140' title='bbox 471 2719 717 2799; x_wconf 90' lang='lat' dir='ltr'>Bisque</span> <span class='ocrx_word' id='word_1_141' title='bbox 764 2721 1208 2799; x_wconf 90' lang='lat' dir='ltr'>triumphatas</span> <span class='ocrx_word' id='word_1_142' title='bbox 1259 2724 1540 2800; x_wconf 87' lang='lat' dir='ltr'>utroque</span> <span class='ocrx_word' id='word_1_143' title='bbox 1589 2720 1670 2782; x_wconf 90' lang='lat' dir='ltr'>ab</span> <span class='ocrx_word' id='word_1_144' title='bbox 1718 2718 1915 2781; x_wconf 89' lang='lat' dir='ltr'>litore</span> <span class='ocrx_word' id='word_1_145' title='bbox 1962 2719 2182 2798; x_wconf 91' lang='lat' dir='ltr'>gentis</span> <span class='ocrx_word' id='word_1_146' title='bbox 2211 2716 2293 2800; x_wconf 76' lang='lat'>3⁰)</span> 
     </span>
     <span class='ocr_line' id='line_1_25' title="bbox 934 2822 2668 2908; baseline 0.002 -24"><span class='ocrx_word' id='word_1_147' title='bbox 934 2823 936 2826; x_wconf 74' lang='grc'>’</span> <span class='ocrx_word' id='word_1_148' title='bbox 2210 2822 2304 2906; x_wconf 86' lang='lat' dir='ltr'>(v.</span> <span class='ocrx_word' id='word_1_149' title='bbox 2357 2830 2437 2886; x_wconf 79' lang='lat'>32</span> <span class='ocrx_word' id='word_1_150' title='bbox 2534 2822 2668 2908; x_wconf 87' lang='lat'>33.)</span> 
     </span>
    </p>
   </div>
   <div class='ocr_carea' id='block_1_3' title="bbox 154 2949 2668 3242">
    <p class='ocr_par' dir='ltr' id='par_1_3' title="bbox 154 2949 2668 3242">
     <span class='ocr_line' id='line_1_26' title="bbox 156 2949 2664 3029; baseline 0 -17"><span class='ocrx_word' id='word_1_151' title='bbox 156 2949 444 3014; x_wconf 85' lang='lat' dir='ltr'>Stabunt</span> <span class='ocrx_word' id='word_1_152' title='bbox 492 2952 691 3014; x_wconf 90' lang='lat' dir='ltr'>etiam</span> <span class='ocrx_word' id='word_1_153' title='bbox 749 2955 1015 3015; x_wconf 88' lang='lat' dir='ltr'>statuae</span> <span class='ocrx_word' id='word_1_154' title='bbox 1089 2970 1487 3015; x_wconf 88' lang='lat' dir='ltr'>marmoreae</span> <span class='ocrx_word' id='word_1_155' title='bbox 1562 2955 1697 3014; x_wconf 91' lang='lat' dir='ltr'>tam</span> <span class='ocrx_word' id='word_1_156' title='bbox 1772 2949 2089 3029; x_wconf 85' lang='lat' dir='ltr'>pulchrae</span> <span class='ocrx_word' id='word_1_157' title='bbox 2166 2951 2232 3011; x_wconf 92' lang='lat' dir='ltr'>et</span> <span class='ocrx_word' id='word_1_158' title='bbox 2311 2949 2664 3013; x_wconf 88' lang='lat' dir='ltr'>artificiose</span> 
     </span>
     <span class='ocr_line' id='line_1_27' title="bbox 155 3054 2668 3137; baseline 0 -21"><span class='ocrx_word' id='word_1_159' title='bbox 155 3058 394 3136; x_wconf 87' lang='lat' dir='ltr'>pictae,</span> <span class='ocrx_word' id='word_1_160' title='bbox 449 3063 524 3118; x_wconf 90' lang='lat' dir='ltr'>ut</span> <span class='ocrx_word' id='word_1_161' title='bbox 569 3059 799 3119; x_wconf 90' lang='lat' dir='ltr'>vivere</span> <span class='ocrx_word' id='word_1_162' title='bbox 849 3061 915 3119; x_wconf 91' lang='lat' dir='ltr'>et</span> <span class='ocrx_word' id='word_1_163' title='bbox 964 3060 1220 3135; x_wconf 90' lang='lat' dir='ltr'>spirare</span> <span class='ocrx_word' id='word_1_164' title='bbox 1268 3057 1644 3136; x_wconf 87' lang='lat' dir='ltr'>videantur,</span> <span class='ocrx_word' id='word_1_165' title='bbox 1697 3058 1887 3137; x_wconf 90' lang='lat' dir='ltr'>quasi</span> <span class='ocrx_word' id='word_1_166' title='bbox 1914 3057 2135 3133; x_wconf 90' lang='lat' dir='ltr'>gentis</span> <span class='ocrx_word' id='word_1_167' title='bbox 2176 3054 2390 3116; x_wconf 86' lang='lat' dir='ltr'>Iuliae</span> <span class='ocrx_word' id='word_1_168' title='bbox 2440 3074 2668 3133; x_wconf 86' lang='lat' dir='ltr'>proge-</span> 
     </span>
     <span class='ocr_line' id='line_1_28' title="bbox 154 3161 2668 3242; baseline -0 -21"><span class='ocrx_word' id='word_1_169' title='bbox 154 3162 420 3224; x_wconf 86' lang='lat' dir='ltr'>nitores.</span> <span class='ocrx_word' id='word_1_170' title='bbox 473 3161 628 3224; x_wconf 88' lang='lat' dir='ltr'>Erit</span> <span class='ocrx_word' id='word_1_171' title='bbox 677 3165 743 3224; x_wconf 91' lang='lat' dir='ltr'>et</span> <span class='ocrx_word' id='word_1_172' title='bbox 791 3164 1053 3241; x_wconf 87' lang='lat' dir='ltr'>signum</span> <span class='ocrx_word' id='word_1_173' title='bbox 1101 3162 1428 3242; x_wconf 89' lang='lat' dir='ltr'>Invidiae,</span> <span class='ocrx_word' id='word_1_174' title='bbox 1482 3161 1596 3224; x_wconf 87' lang='lat' dir='ltr'>sed</span> <span class='ocrx_word' id='word_1_175' title='bbox 1644 3161 1952 3224; x_wconf 89' lang='lat' dir='ltr'>Invidiae</span> <span class='ocrx_word' id='word_1_176' title='bbox 2001 3162 2220 3224; x_wconf 87' lang='lat' dir='ltr'>victae</span> <span class='ocrx_word' id='word_1_177' title='bbox 2271 3164 2337 3222; x_wconf 86' lang='lat' dir='ltr'>et</span> <span class='ocrx_word' id='word_1_178' title='bbox 2387 3162 2457 3222; x_wconf 93' lang='lat' dir='ltr'>in</span> <span class='ocrx_word' id='word_1_179' title='bbox 2507 3161 2668 3223; x_wconf 84' lang='lat' dir='ltr'>Tar-</span> 
     </span>
    </p>
   </div>
   <div class='ocr_carea' id='block_1_4' title="bbox 146 3349 2669 3644">
    <p class='ocr_par' dir='ltr' id='par_1_4' title="bbox 146 3349 2669 3644">
     <span class='ocr_line' id='line_1_29' title="bbox 367 3349 2669 3419; baseline -0.001 -14"><span class='ocrx_word' id='word_1_180' title='bbox 367 3352 432 3419; x_wconf 65' lang='grc' dir='ltr'>π)</span> <span class='ocrx_word' id='word_1_181' title='bbox 474 3350 814 3405; x_wconf 85' lang='lat' dir='ltr'>Octavianus</span> <span class='ocrx_word' id='word_1_182' title='bbox 853 3351 1068 3417; x_wconf 86' lang='lat' dir='ltr'>paravit</span> <span class='ocrx_word' id='word_1_183' title='bbox 1104 3353 1194 3405; x_wconf 85' lang='lat' dir='ltr'>vel</span> <span class='ocrx_word' id='word_1_184' title='bbox 1234 3368 1293 3404; x_wconf 89' lang='lat' dir='ltr'>se</span> <span class='ocrx_word' id='word_1_185' title='bbox 1332 3367 1530 3418; x_wconf 85' lang='lat' dir='ltr'>parare</span> <span class='ocrx_word' id='word_1_186' title='bbox 1573 3349 1862 3411; x_wconf 31' lang='lat' dir='ltr'>simulavit.</span> <span class='ocrx_word' id='word_1_187' title='bbox 1890 3349 2019 3404; x_wconf 86' lang='lat' dir='ltr'>vivo</span> <span class='ocrx_word' id='word_1_188' title='bbox 2073 3349 2316 3416; x_wconf 79' lang='lat' dir='ltr'>Vergilio</span> <span class='ocrx_word' id='word_1_189' title='bbox 2355 3349 2669 3416; x_wconf 85' lang='lat' dir='ltr'>expeditio-</span> 
     </span>
     <span class='ocr_line' id='line_1_30' title="bbox 146 3429 2669 3497; baseline 0 -15"><span class='ocrx_word' id='word_1_190' title='bbox 146 3448 276 3483; x_wconf 89' lang='lat' dir='ltr'>nem</span> <span class='ocrx_word' id='word_1_191' title='bbox 314 3435 510 3484; x_wconf 87' lang='lat' dir='ltr'>contra</span> <span class='ocrx_word' id='word_1_192' title='bbox 545 3430 865 3490; x_wconf 80' lang='lat' dir='ltr'>BritannoS‚</span> <span class='ocrx_word' id='word_1_193' title='bbox 917 3431 1013 3482; x_wconf 87' lang='lat' dir='ltr'>sed</span> <span class='ocrx_word' id='word_1_194' title='bbox 1063 3447 1363 3497; x_wconf 85' lang='lat' dir='ltr'>numquam</span> <span class='ocrx_word' id='word_1_195' title='bbox 1413 3432 1556 3484; x_wconf 80' lang='lat' dir='ltr'>fecit.</span> <span class='ocrx_word' id='word_1_196' title='bbox 1597 3430 1696 3482; x_wconf 89' lang='lat' dir='ltr'>Hic</span> <span class='ocrx_word' id='word_1_197' title='bbox 1736 3431 1891 3482; x_wconf 86' lang='lat' dir='ltr'>locus</span> <span class='ocrx_word' id='word_1_198' title='bbox 1953 3429 2270 3482; x_wconf 83' lang='lat' dir='ltr'>referendus</span> <span class='ocrx_word' id='word_1_199' title='bbox 2336 3433 2422 3482; x_wconf 88' lang='lat' dir='ltr'>est</span> <span class='ocrx_word' id='word_1_200' title='bbox 2483 3432 2669 3495; x_wconf 89' lang='lat' dir='ltr'>potius</span> 
     </span>
     <span class='ocr_line' id='line_1_31' title="bbox 149 3507 2669 3587; baseline -0.001 -25"><span class='ocrx_word' id='word_1_201' title='bbox 149 3510 218 3562; x_wconf 88' lang='lat' dir='ltr'>ad</span> <span class='ocrx_word' id='word_1_202' title='bbox 259 3508 316 3564; x_wconf 86' lang='lat' dir='ltr'>C.</span> <span class='ocrx_word' id='word_1_203' title='bbox 354 3509 556 3561; x_wconf 88' lang='lat' dir='ltr'>Iulium</span> <span class='ocrx_word' id='word_1_204' title='bbox 592 3508 908 3587; x_wconf 71' lang='lat' dir='ltr'>Caesarem,</span> <span class='ocrx_word' id='word_1_205' title='bbox 946 3507 1037 3575; x_wconf 88' lang='lat' dir='ltr'>qui</span> <span class='ocrx_word' id='word_1_206' title='bbox 1073 3512 1371 3575; x_wconf 83' lang='lat' dir='ltr'>postquam</span> <span class='ocrx_word' id='word_1_207' title='bbox 1413 3508 1758 3561; x_wconf 77' lang='lat' dir='ltr'>Britanniam</span> <span class='ocrx_word' id='word_1_208' title='bbox 1822 3508 1969 3575; x_wconf 88' lang='lat' dir='ltr'>vicit,</span> <span class='ocrx_word' id='word_1_209' title='bbox 2032 3509 2239 3560; x_wconf 88' lang='lat' dir='ltr'>multos</span> <span class='ocrx_word' id='word_1_210' title='bbox 2304 3508 2559 3574; x_wconf 83' lang='lat' dir='ltr'>captivos</span> <span class='ocrx_word' id='word_1_211' title='bbox 2598 3508 2669 3559; x_wconf 87' lang='lat' dir='ltr'>ad</span> 
     </span>
     <span class='ocr_line' id='line_1_32' title="bbox 149 3588 954 3644; baseline 0 -1"><span class='ocrx_word' id='word_1_212' title='bbox 149 3589 336 3643; x_wconf 82' lang='lat' dir='ltr'>officia</span> <span class='ocrx_word' id='word_1_213' title='bbox 375 3589 671 3642; x_wconf 85' lang='lat' dir='ltr'>theatralia</span> <span class='ocrx_word' id='word_1_214' title='bbox 706 3588 954 3644; x_wconf 84' lang='lat' dir='ltr'>donavit.</span> 
     </span>
    </p>
   </div>
   <div class='ocr_carea' id='block_1_5' title="bbox 365 3695 1926 3908">
    <p class='ocr_par' dir='ltr' id='par_1_5' title="bbox 365 3695 1926 3908">
     <span class='ocr_line' id='line_1_33' title="bbox 365 3695 1265 3764; baseline -0.004 -14"><span class='ocrx_word' id='word_1_215' title='bbox 365 3697 427 3764; x_wconf 73' lang='lat'>⁹⁸)</span> <span class='ocrx_word' id='word_1_216' title='bbox 468 3695 587 3751; x_wconf 80' lang='lat' dir='ltr'>Cnf.</span> <span class='ocrx_word' id='word_1_217' title='bbox 623 3695 819 3762; x_wconf 85' lang='lat' dir='ltr'>Georg.</span> <span class='ocrx_word' id='word_1_218' title='bbox 858 3698 919 3764; x_wconf 89' lang='lat'>11,</span> <span class='ocrx_word' id='word_1_219' title='bbox 960 3695 1265 3748; x_wconf 69' lang='lat'>171—172:</span> 
     </span>
     <span class='ocr_line' id='line_1_34' title="bbox 577 3776 1877 3841; baseline 0 -14"><span class='ocrx_word' id='word_1_220' title='bbox 577 3776 710 3841; x_wconf 79' lang='lat' dir='ltr'>»Qui</span> <span class='ocrx_word' id='word_1_221' title='bbox 751 3793 899 3828; x_wconf 88' lang='lat' dir='ltr'>nunc</span> <span class='ocrx_word' id='word_1_222' title='bbox 939 3776 1205 3829; x_wconf 79' lang='lat' dir='ltr'>extremis</span> <span class='ocrx_word' id='word_1_223' title='bbox 1243 3776 1411 3829; x_wconf 83' lang='lat' dir='ltr'>Asiae</span> <span class='ocrx_word' id='word_1_224' title='bbox 1451 3778 1630 3829; x_wconf 89' lang='lat' dir='ltr'>victor</span> <span class='ocrx_word' id='word_1_225' title='bbox 1667 3777 1725 3827; x_wconf 88' lang='lat' dir='ltr'>in</span> <span class='ocrx_word' id='word_1_226' title='bbox 1766 3776 1877 3827; x_wconf 87' lang='lat' dir='ltr'>oris</span> 
     </span>
     <span class='ocr_line' id='line_1_35' title="bbox 569 3854 1926 3908; baseline -0.001 -3"><span class='ocrx_word' id='word_1_227' title='bbox 569 3855 854 3906; x_wconf 86' lang='lat' dir='ltr'>Imbcllem</span> <span class='ocrx_word' id='word_1_228' title='bbox 891 3855 1097 3908; x_wconf 87' lang='lat' dir='ltr'>avertis</span> <span class='ocrx_word' id='word_1_229' title='bbox 1135 3855 1406 3907; x_wconf 85' lang='lat' dir='ltr'>Romanis</span> <span class='ocrx_word' id='word_1_230' title='bbox 1445 3856 1666 3908; x_wconf 84' lang='lat' dir='ltr'>arcibus</span> <span class='ocrx_word' id='word_1_231' title='bbox 1702 3854 1926 3905; x_wconf 78' lang='lat' dir='ltr'>Indum«</span> 
     </span>
    </p>
   </div>
   <div class='ocr_carea' id='block_1_6' title="bbox 576 3934 2096 4082">
    <p class='ocr_par' dir='ltr' id='par_1_6' title="bbox 576 3934 2096 4082">
     <span class='ocr_line' id='line_1_36' title="bbox 886 3934 1356 3990; baseline -0.002 -2"><span class='ocrx_word' id='word_1_232' title='bbox 886 3939 942 3988; x_wconf 91' lang='lat' dir='ltr'>et</span> <span class='ocrx_word' id='word_1_233' title='bbox 975 3935 1114 3988; x_wconf 90' lang='lat' dir='ltr'>Aen.</span> <span class='ocrx_word' id='word_1_234' title='bbox 1155 3934 1193 3990; x_wconf 87' lang='lat' dir='ltr'>J.</span> <span class='ocrx_word' id='word_1_235' title='bbox 1230 3934 1356 3988; x_wconf 80' lang='lat'>289:</span> 
     </span>
     <span class='ocr_line' id='line_1_37' title="bbox 576 4013 2096 4082; baseline -0.001 -17"><span class='ocrx_word' id='word_1_236' title='bbox 576 4013 760 4067; x_wconf 82' lang='lat' dir='ltr'>»Hunc</span> <span class='ocrx_word' id='word_1_237' title='bbox 798 4021 852 4066; x_wconf 86' lang='lat' dir='ltr'>tu</span> <span class='ocrx_word' id='word_1_238' title='bbox 891 4014 1023 4067; x_wconf 90' lang='lat' dir='ltr'>olim</span> <span class='ocrx_word' id='word_1_239' title='bbox 1064 4017 1238 4082; x_wconf 84' lang='lat' dir='ltr'>caelo,</span> <span class='ocrx_word' id='word_1_240' title='bbox 1277 4015 1474 4082; x_wconf 86' lang='lat' dir='ltr'>spoliis</span> <span class='ocrx_word' id='word_1_241' title='bbox 1516 4014 1762 4067; x_wconf 84' lang='lat' dir='ltr'>Orientis</span> <span class='ocrx_word' id='word_1_242' title='bbox 1804 4018 2096 4066; x_wconf 76' lang='lat' dir='ltr'>onustum»</span> 
     </span>
    </p>
   </div>
   <div class='ocr_carea' id='block_1_7' title="bbox 359 4120 1402 4190">
    <p class='ocr_par' dir='ltr' id='par_1_7' title="bbox 359 4120 1402 4190">
     <span class='ocr_line' id='line_1_38' title="bbox 359 4120 1402 4190; baseline 0.001 -18"><span class='ocrx_word' id='word_1_243' title='bbox 359 4120 423 4187; x_wconf 62' lang='grc'>29)</span> <span class='ocrx_word' id='word_1_244' title='bbox 462 4120 618 4171; x_wconf 87' lang='lat' dir='ltr'>Ribb.</span> <span class='ocrx_word' id='word_1_245' title='bbox 661 4121 880 4187; x_wconf 81' lang='lat' dir='ltr'>Proleg.</span> <span class='ocrx_word' id='word_1_246' title='bbox 922 4122 1114 4175; x_wconf 87' lang='lat' dir='ltr'>critica</span> <span class='ocrx_word' id='word_1_247' title='bbox 1151 4139 1276 4190; x_wconf 85' lang='lat' dir='ltr'>pag.</span> <span class='ocrx_word' id='word_1_248' title='bbox 1314 4122 1402 4174; x_wconf 87' lang='lat'>20.</span> 
     </span>
    </p>
   </div>
   <div class='ocr_carea' id='block_1_8' title="bbox 148 4224 2672 4376">
    <p class='ocr_par' dir='ltr' id='par_1_8' title="bbox 148 4224 2672 4376">
     <span class='ocr_line' id='line_1_39' title="bbox 353 4224 2672 4295; baseline 0.001 -18"><span class='ocrx_word' id='word_1_249' title='bbox 353 4224 418 4292; x_wconf 79' lang='lat'>3⁰)</span> <span class='ocrx_word' id='word_1_250' title='bbox 456 4226 607 4278; x_wconf 83' lang='lat' dir='ltr'>Haec</span> <span class='ocrx_word' id='word_1_251' title='bbox 651 4230 886 4293; x_wconf 89' lang='lat' dir='ltr'>tropaea</span> <span class='ocrx_word' id='word_1_252' title='bbox 926 4228 1190 4281; x_wconf 86' lang='lat' dir='ltr'>historice</span> <span class='ocrx_word' id='word_1_253' title='bbox 1231 4244 1345 4280; x_wconf 90' lang='lat' dir='ltr'>non</span> <span class='ocrx_word' id='word_1_254' title='bbox 1387 4233 1517 4282; x_wconf 87' lang='lat' dir='ltr'>sunt</span> <span class='ocrx_word' id='word_1_255' title='bbox 1570 4227 1937 4295; x_wconf 82' lang='lat' dir='ltr'>explicanda;</span> <span class='ocrx_word' id='word_1_256' title='bbox 1978 4243 2109 4279; x_wconf 90' lang='lat' dir='ltr'>nam</span> <span class='ocrx_word' id='word_1_257' title='bbox 2137 4232 2306 4294; x_wconf 87' lang='lat' dir='ltr'>poeta</span> <span class='ocrx_word' id='word_1_258' title='bbox 2370 4242 2487 4285; x_wconf 83' lang='lat' dir='ltr'>non</span> <span class='ocrx_word' id='word_1_259' title='bbox 2555 4242 2672 4287; x_wconf 72' lang='lat' dir='ltr'>me-</span> 
     </span>
     <span class='ocr_line' id='line_1_40' title="bbox 148 4305 1816 4376; baseline 0.002 -22"><span class='ocrx_word' id='word_1_260' title='bbox 148 4307 343 4371; x_wconf 84' lang='lat' dir='ltr'>morat,</span> <span class='ocrx_word' id='word_1_261' title='bbox 380 4320 520 4371; x_wconf 85' lang='lat' dir='ltr'>quae</span> <span class='ocrx_word' id='word_1_262' title='bbox 561 4305 706 4357; x_wconf 85' lang='lat' dir='ltr'>facta</span> <span class='ocrx_word' id='word_1_263' title='bbox 744 4306 869 4374; x_wconf 87' lang='lat' dir='ltr'>sint,</span> <span class='ocrx_word' id='word_1_264' title='bbox 909 4306 1009 4362; x_wconf 84' lang='lat' dir='ltr'>sed</span> <span class='ocrx_word' id='word_1_265' title='bbox 1048 4323 1190 4374; x_wconf 86' lang='lat' dir='ltr'>quae</span> <span class='ocrx_word' id='word_1_266' title='bbox 1229 4307 1307 4360; x_wconf 86' lang='lat' dir='ltr'>ita</span> <span class='ocrx_word' id='word_1_267' title='bbox 1345 4309 1461 4361; x_wconf 87' lang='lat' dir='ltr'>fore</span> <span class='ocrx_word' id='word_1_268' title='bbox 1499 4309 1816 4376; x_wconf 73' lang='lat' dir='ltr'>auguratur,</span> 
     </span>
    </p>
   </div>
  </div>
 </body>
</html>
