2834 4557
1182 258 1592 323 *15*

130 471 347 536 tarum
397 464 725 536 detrusae.
795 467 988 548 Quod
1053 471 1314 549 signum
1382 468 1735 548 symbolice
1802 465 2000 530 debet
2065 464 2444 544 significare
2515 463 2646 529 iam

133 597 275 642 esse
324 579 610 641 coercita
657 577 835 639 bella
883 577 1141 639 civilia:

449 683 736 744 Stabunt
784 685 851 743 et
900 682 1086 745 Parii
1133 679 1410 760 lapideS,
1461 681 1791 757 spirantia
1839 681 2053 758 signa,

448 785 764 849 Assaraci
811 786 1025 863 proles
1075 784 1526 860 demissaeque
1574 785 1656 845 ab
1704 784 1861 846 Iove
1910 785 2134 861 gentis

449 891 728 953 Nomina
775 890 1066 966 Trosque
1114 906 1354 967 parens
1404 890 1470 950 et
1517 888 1754 950 Troiae
1804 887 2130 965 Cynthius
2180 889 2426 950 auctor.

446 994 716 1058 Invidia
764 992 1002 1058 infelix
1049 993 1291 1056 Furias
1341 1010 1720 1067 amnemque
1769 1010 2066 1054 severum

449 1098 680 1176 Cocyti
728 1101 976 1160 metuet
1021 1100 1358 1181 tortosque
1405 1096 1656 1157 Ixionis
1705 1099 1941 1174 anguis

452 1205 934 1281 Immanemque
982 1208 1209 1267 rotam.
1241 1207 1307 1265 et
1354 1221 1483 1264 non
1531 1204 1990 1281 exsuperabile
2038 1218 2285 1266 saxum.

2192 1305 2285 1389 (v.
2337 1307 2650 1384 34—39.)

131 1413 212 1474 ln
259 1412 438 1474 libri
476 1413 590 1476 IV.
644 1412 838 1475 exifu
902 1414 1246 1475 blanditur
1300 1418 1495 1491 poeta
1562 1413 1936 1489 Augustum
2005 1414 2072 1472 et
2140 1412 2432 1474 celebrat
2507 1414 2649 1474 eius

132 1518 408 1597 gloriam
455 1519 777 1580 bellicam<

448 1623 632 1685 Haec
681 1640 878 1700 super
925 1639 1228 1687 arvorum
1277 1624 1458 1686 cultu
1506 1639 1936 1700 pecorumque
1985 1622 2298 1685 canebam

451 1726 541 1789 Et
589 1746 787 1804 super
834 1727 1198 1808 arboribuS‚
1251 1723 1497 1790 Caesar
1543 1726 1694 1790 dum
1741 1744 2017 1803 magnus
2066 1724 2402 1788 adaltum

451 1832 790 1894 Fulminat
836 1833 1223 1910 Euphraten
1273 1833 1444 1894 bello
1492 1835 1834 1908 victorque
1887 1831 2169 1893 volentis

448 1936 583 1999 Per
631 1937 900 2015 populos
950 1937 1066 2000 dat
1113 1940 1262 2001 iura
1312 1940 1614 2015 viamque
1665 1936 1961 2000 adfectat
2009 1936 2303 2014 Olympo.

2108 2040 2202 2125 (v.
2253 2041 2652 2125 559—562.)

132 2147 224 2208 Hi
272 2147 465 2210 allati
512 2166 743 2210 versus
792 2150 1194 2226 repetuntur
1238 2166 1277 2210 a
1324 2151 1548 2226 poeta:
1600 2166 1751 2210 nam
1798 2149 2038 2225 optime
2088 2148 2474 2224 conspirant
2507 2164 2650 2209 cum

133 2270 242 2315 vv.
296 2258 662 2317 170—173.
712 2255 755 2317 l.
805 2254 900 2316 II:

871 2362 938 2433 et
984 2363 1071 2441 te,
1120 2378 1416 2422 maxume
1466 2359 1730 2439 Caesar,

449 2464 576 2544 Qui
624 2482 798 2528 nunc
847 2468 1123 2540 extremi
1169 2465 1375 2529 Asiae
1421 2468 1552 2529 iam
1599 2468 1814 2530 victor
1858 2469 1928 2529 in
1977 2469 2108 2531 oris

446 2569 781 2633 Imbellem
829 2573 1079 2634 avertis
1127 2572 1437 2634 Romanis
1488 2572 1749 2634 arcibus
1801 2571 2054 2634 Indum.

134 2674 317 2753 Quae
367 2675 572 2736 verba
618 2676 1075 2755 intellegenda
1121 2680 1278 2738 sunt
1337 2677 1417 2737 (16
1466 2695 1524 2739 a.
1578 2683 1657 2738 30
1706 2695 1764 2738 a.
1818 2677 1930 2739 Ch.
1980 2696 2066 2757 n.,
2136 2695 2261 2755 quo
2308 2676 2653 2756 Augustus

133 2780 418 2843 victoria
463 2778 747 2845 Actiaca
796 2784 1137 2860 reportata
1183 2784 1255 2845 in
1329 2782 1526 2861 Syria
1592 2800 2009 2863 commoranS‚
2082 2801 2185 2846 res
2262 2782 2654 2846 Parthorum

135 2886 501 2949 constituit.
555 2885 765 2969 (Cass,
816 2886 943 2950 Dio
993 2892 1096 2969 51,
1134 2885 1283 2972 18.)
1331 2885 1648 2951 Versibus
1697 2890 1913 2951 autem
1963 2888 2270 2951 extremis
2317 2887 2360 2951 l.
2394 2886 2510 2951 IV.
2547 2886 2654 2950 de·

134 2994 360 3072 signat
411 2996 607 3072 poeta
654 3011 724 3057 se
771 2994 887 3056 illo
944 2998 1233 3072 tempore
1324 3012 1447 3071 quo
1510 2993 1855 3073 Augustus
1921 2995 2201 3057 nominis
2270 2995 2373 3057 sui
2439 2994 2657 3072 gloria

131 3100 339 3161 totum
387 3100 606 3162 orbem
651 3102 979 3162 terrarum
1019 3099 1342 3180 impleret,
1394 3116 1700 3177 magnam
1747 3103 1814 3162 et
1862 3100 2159 3163 ultimam
2208 3099 2471 3176 quidem
2504 3116 2651 3177 par·

131 3204 264 3264 tem
313 3202 781 3281 Georgicorum
829 3205 1193 3281 scripsisse.
1244 3203 1525 3280 Neapoli
1591 3206 1730 3266 tum
1795 3206 2087 3267 carmina
2152 3202 2455 3282 confecit,
2505 3221 2656 3265 nam

132 3310 274 3385 ipse
321 3309 692 3386 profitetur:

451 3414 576 3478 lllo
624 3415 997 3494 Vergilium
1037 3433 1138 3478 me
1183 3417 1471 3493 tempore
1522 3415 1733 3480 dulcis
1785 3416 2009 3479 alebat

450 3520 871 3598 Parthenope
919 3519 1159 3582 studiis
1206 3519 1546 3583 florentem
1594 3521 1911 3600 ignobilis
1961 3522 2074 3601 oti,

451 3626 762 3689 Carmina
811 3628 925 3704 qui
972 3627 1104 3689 lusi
1151 3630 1488 3706 pastorum
1537 3627 1885 3704 audaxque
1934 3629 2230 3707 iuventa,

449 3731 704 3813 Tityre,
753 3735 828 3796 tu
875 3734 1150 3810 patulae
1200 3734 1412 3797 cecini
1461 3735 1580 3796 sub
1628 3736 1920 3813 tegmine
1967 3733 2130 3812 fagi.

2111 3836 2203 3920 (v.
2255 3837 2657 3921 563—566.)

1232 4018 1234 4020 ,
1327 3944 1443 4008 IV.

334 4138 726 4216 Priusquam
772 4137 1111 4217 Vergilius
1161 4137 1489 4217 Georgica
1562 4138 1647 4202 ad
1712 4138 1904 4200 finem
1970 4137 2303 4218 perduxit,
2379 4139 2511 4200 iam
2562 4155 2664 4201 co·

103 4242 375 4319 'gitavit
423 4244 502 4307 de
546 4244 896 4308 scribenda
941 4243 1259 4308 Aeneide.
1310 4243 1633 4308 Versibus
1683 4249 1942 4307 46—48
2014 4245 2058 4308 l.
2111 4244 2238 4309 III.
2285 4243 2662 4324 Georgicon

123 4351 428 4430 promisit
473 4354 701 4430 poeta:
